"Date","Description","Comments","Check Number","Amount","Balance"
"07/20/2023","Visa Check  JERSEY MIKES 22006 PARKER CO 07/18/23 Card 3805","","","($15.43)","$528.58"
"07/20/2023","Visa Check  CHIPOTLE 0059 PARKER CO 07/19/23 Card 3805","","","($16.69)","$511.89"
"07/20/2023","Visa Check  PHILLIPS 66 - T SQUARE PARKER CO 07/20/23 Card 3805","","","($19.87)","$492.02"
"07/20/2023","ZEL*JERAMIAH JAKUBOWSKI Visa Direct AZ 07/21/23 Card 3805","","","$20.00","$512.02"
"07/21/2023","Visa Check  CIRCLE K # 41166 AURORA CO 07/20/23 Card 3805","","","($18.54)","$493.48"
"07/21/2023","Visa Check  MCDONALD'S F7462 PARKER CO 07/20/23 Card 3805","","","($16.39)","$477.09"
"07/21/2023","Visa Check  AMZN Mktp US*XW95N5ML3 Amzn.com/bill WA 07/21/23 Card 3805","","","($21.59)","$455.50"
"07/23/2023","Visa Check  CONOCO - 7-ELEVEN 34035 PARKER CO 07/23/23 Card 3805","","","($6.72)","$448.78"
"07/24/2023","Visa Check  GOOGLE *ROBLOX g.co/helppay# CA 07/23/23 Card 3805","","","($19.99)","$428.79"
"07/24/2023","Visa Check  JETS PIZZA - CO-004 PARKER CO 07/23/23 Card 3805","","","($87.40)","$341.39"
"07/24/2023","Visa Check  TOWN OF PARKER PARKER CO 07/23/23 Card 3805","","","($30.00)","$311.39"
"07/24/2023","Visa Check  PHILLIPS 66 - T SQUARE PARKER CO 07/24/23 Card 3805","","","($2.68)","$308.71"
"07/25/2023","Visa Check  PHILLIPS 66 - T SQUARE PARKER CO 07/25/23 Card 3805","","","($32.84)","$275.87"
"07/25/2023","Visa Check  DD DOORDASH QDOBAMEXI 855-973-1040 CA 07/25/23 Card 3805","","","($17.82)","$258.05"
"07/26/2023","Visa Check  DD DOORDASH TASTEOFPH 855-973-1040 CA 07/26/23 Card 3805","","","($21.63)","$236.42"
"07/26/2023","Visa Check  PHILLIPS 66 - T SQUARE PARKER CO 07/26/23 Card 3805","","","($12.81)","$223.61"
"07/27/2023","Visa Check  PHILLIPS 66 - T SQUARE PARKER CO 07/27/23 Card 3805","","","($6.99)","$216.62"
"07/27/2023","Visa Check  PHILLIPS 66 - T SQUARE PARKER CO 07/27/23 Card 3805","","","($4.40)","$212.22"
"07/27/2023","Visa Check  DD DOORDASH CHILISGRI 855-973-1040 CA 07/27/23 Card 3805","","","($19.48)","$192.74"
"07/27/2023","Visa Check  CONOCO - SEI 42055 AURORA CO 07/27/23 Card 3805","","","($15.27)","$177.47"
"07/27/2023","Visa Check  CONOCO - SEI 32923 PARKER CO 07/27/23 Card 3805","","","($10.05)","$167.42"
"07/28/2023","Visa Check  BURGER KING #10685 PARKER CO 07/27/23 Card 3805","","","($14.97)","$152.45"
"07/28/2023","Visa Check  GOOGLE *Scopely Inc g.co/helppay# CA 07/28/23 Card 3805","","","($34.99)","$117.46"
"07/28/2023","DISHA CORP  : DIRECT DEP   : 9111111101","","","$986.93","$1,104.39"
"07/29/2023","Visa Check  BEVYS LIQUOR WORLD PARKER CO 07/28/23 Card 3805","","","($6.40)","$1,097.99"
"07/29/2023","Visa Check  DUNKIN #355102 PARKER CO 07/28/23 Card 3805","","","($22.90)","$1,075.09"
"07/29/2023","Visa Check  MURPHY EXPRESS 8898 PARKER CO 07/28/23 Card 3805","","","($77.28)","$997.81"
"07/30/2023","Visa Check  PHILLIPS 66 - T SQUARE PARKER CO 07/30/23 Card 3805","","","($4.63)","$993.18"
"07/30/2023","Visa Check  PHILLIPS 66 - T SQUARE PARKER CO 07/30/23 Card 3805","","","($34.24)","$958.94"
"07/30/2023","Visa Check  DD DOORDASH LILRICCIS 855-973-1040 CA 07/30/23 Card 3805","","","($18.11)","$940.83"
"07/31/2023","Visa Check  MEM.AI MEM.AI CA 07/31/23 Card 3805","","","($10.00)","$930.83"
"07/31/2023","Visa Check  ZEL*Pamela Spengler Visa Direct AZ 07/31/23 Card 3805","","","($20.00)","$910.83"
"07/31/2023","Deposit Dividend Tiered Rate APY Earned  0.05% 07/01/23 to 07/31/23","","","$0.02","$910.85"
"08/01/2023","T SQUARE 17050 E MAIN STREE US PARKER CO 5541 Card 3805","","","($6.98)","$903.87"
"08/01/2023","T SQUARE 17050 E MAIN STREE US PARKER CO 5541 Card 3805","","","($2.68)","$901.19"
"08/01/2023","Visa Check  JERSEY MIKES 22006 PARKER CO 07/30/23 Card 3805","","","($14.03)","$887.16"
"08/01/2023","PAYMENT FOR AMZ  : STORECARD   : 9069872103 NAME: 6045781174794916","","","($245.13)","$642.03"
"08/02/2023","T SQUARE 17050 E MAIN STREE US PARKER CO 5541 Card 3805","","","($9.99)","$632.04"
"08/02/2023","T SQUARE 17050 E MAIN STREE US PARKER CO 5541 Card 3805","","","($7.55)","$624.49"
"08/02/2023","Visa Check  STARBUCKS STORE 21242 AURORA CO 08/01/23 Card 3805","","","($12.96)","$611.53"
"08/02/2023","Visa Check  PHILLIPS 66 - T SQUARE PARKER CO 08/02/23 Card 3805","","","($15.78)","$595.75"
"08/02/2023","Visa Check  DD DOORDASH FUZZYSTAC 855-973-1040 CA 08/02/23 Card 3805","","","($24.43)","$571.32"
"08/03/2023","Visa Check  MCDONALD'S #F21389 PARKER CO 08/02/23 Card 3805","","","($12.15)","$559.17"
"08/04/2023","Visa Check  CONOCO - SEI 42055 AURORA CO 08/03/23 Card 3805","","","($2.50)","$556.67"
"08/04/2023","Visa Check  O'REILLY AUTO PARTS 285 PARKER CO 08/03/23 Card 3805","","","($49.67)","$507.00"
"08/04/2023","Visa Check  TARGET 00022194 PARKER CO 08/03/23 Card 3805","","","($45.88)","$461.12"
"08/04/2023","Visa Check  CIRCLE K # 44137 PARKER CO 08/03/23 Card 3805","","","($8.06)","$453.06"
"08/04/2023","Visa Check  7-ELEVEN 41543 PARKER CO 08/03/23 Card 3805","","","($4.59)","$448.47"
"08/04/2023","Visa Check  TACO BELL 002643 PARKER CO 08/03/23 Card 3805","","","($8.16)","$440.31"
"08/05/2023","Visa Check  API VENDMASSAGECHAIR AURORA CO 08/04/23 Card 3805","","","($10.00)","$430.31"
"08/05/2023","Visa Check  DD DOORDASH BLACKROCK 855-973-1040 CA 08/05/23 Card 3805","","","($19.89)","$410.42"
"08/05/2023","Visa Check  CHICK-FIL-A #1111 PARKER CO 08/04/23 Card 3805","","","($14.52)","$395.90"
"08/05/2023","Visa Check  PYTHONANYWHERE RICHMOND GB 08/05/23 Card 3805","","","($7.00)","$388.90"
"08/05/2023","Withdrawal Card Fee  VISA INTERNATIONAL SERVICE ASSESSMENT Date 08/05/23 Card 3805","","","($0.06)","$388.84"
"08/06/2023","WAL-MART #2892 11101 SO. PARKER ROAD PARKER CO Card 3805","","","($10.89)","$377.95"
"08/06/2023","Visa Check  PHILLIPS 66 - FLAT ACRE PARKER CO 08/06/23 Card 3805","","","($6.22)","$371.73"
"08/07/2023","Visa Check  DD DOORDASH QDOBAMEXI 855-973-1040 CA 08/07/23 Card 3805","","","($27.90)","$343.83"
"08/07/2023","Visa Check  FIVE BELOW 3020 PARKER CO 08/06/23 Card 3805","","","($25.97)","$317.86"
"08/07/2023","Visa Check  PHILLIPS 66 - T SQUARE PARKER CO 08/07/23 Card 3805","","","($30.87)","$286.99"
"08/07/2023","Visa Check  DD DOORDASH MARCOSPIZ 855-973-1040 CA 08/07/23 Card 3805","","","($31.00)","$255.99"
"08/08/2023","Visa Check  OPENAI OPENAI.COM CA 08/08/23 Card 3805","","","($2.30)","$253.69"
"08/08/2023","Visa Check  TWISTERS PAR 21 PARKER CO 08/07/23 Card 3805","","","($8.95)","$244.74"
"08/08/2023","Visa Check  ZEL*KORY BROWN Visa Direct AZ 08/08/23 Card 3805","","","($20.00)","$224.74"
"08/08/2023","Visa Check  PHILLIPS 66 - T SQUARE PARKER CO 08/08/23 Card 3805","","","($15.82)","$208.92"
"08/09/2023","Visa Check  CHIPOTLE 0059 PARKER CO 08/08/23 Card 3805","","","($14.42)","$194.50"
"08/09/2023","Visa Check  SHELL OIL 57446054504 AURORA CO 08/08/23 Card 3805","","","($2.04)","$192.46"
"08/09/2023","Visa Check  E 470 EXPRESS TOLLS 303-5373470 CO 08/09/23 Card 3805","","","($27.35)","$165.11"
"08/10/2023","Visa Check  GOLDEN CORRAL 0793 AURORA CO 08/09/23 Card 3805","","","($32.40)","$132.71"
"08/11/2023","Visa Check  #5716 EVERYDAY STORE PARKER CO 08/10/23 Card 3805","","","($20.00)","$112.71"
"08/11/2023","Visa Check  TST* Woodys Wings 303-696-7227 CO 08/11/23 Card 3805","","","($21.72)","$90.99"
"08/11/2023","Visa Check  TST* Woodys Wings Aurora CO 08/10/23 Card 3805","","","($4.31)","$86.68"
"08/11/2023","DISHA CORP  : DIRECT DEP   : 9111111101","","","$818.82","$905.50"
"08/11/2023","O'REILLY AUTO PARTS 285 Pending credit/return for $49.67 on card 3805","","","",""
"08/11/2023","Visa Check  DD DOORDASH BUFFALOWI 855-973-1040 CA 08/11/23 Card 3805","","","($24.17)","$881.33"
"08/11/2023","Visa Check  SHELL OIL 57446054504 AURORA CO 08/10/23 Card 3805","","","($16.00)","$865.33"
"08/11/2023","Visa Check  Waffle House PARKER CO 08/11/23 Card 3805","","","($24.48)","$840.85"
"08/12/2023","Credit Voucher  O'REILLY AUTO PARTS 285 PARKER CO 08/11/23 Card 3805","","","$49.67","$890.52"
"08/12/2023","Visa Check  PHILLIPS 66 - T SQUARE PARKER CO 08/12/23 Card 3805","","","($39.87)","$850.65"
"08/12/2023","Visa Check  DD DOORDASH CHILISGRI 855-973-1040 CA 08/12/23 Card 3805","","","($29.62)","$821.03"
"08/12/2023","Visa Check  CHATGPT SUBSCRIPTION OPENAI.COM CA 08/12/23 Card 3805","","","($20.00)","$801.03"
"08/13/2023","Visa Check  PHILLIPS 66 - T SQUARE PARKER CO 08/13/23 Card 3805","","","($11.60)","$789.43"
"08/14/2023","Visa Check  PHILLIPS 66 - T SQUARE PARKER CO 08/14/23 Card 3805","","","($10.97)","$778.46"
"08/14/2023","Withdrawal PAI ISO 17050 E MAINSTREET PARKER CO Card 3805","","","($63.00)","$715.46"
"08/15/2023","Visa Check  DOORDASH DASHPASS WWW.DOORDASH. CA 08/15/23 Card 3805","","","($9.99)","$705.47"
"08/15/2023","Visa Check  GOOGLE *Scopely Inc g.co/helppay# CA 08/15/23 Card 3805","","","($19.99)","$685.48"
"08/15/2023","Visa Check  DD DOORDASH LILRICCIS 855-973-1040 CA 08/15/23 Card 3805","","","($27.06)","$658.42"
"08/15/2023","Visa Check  PHILLIPS 66 - T SQUARE PARKER CO 08/15/23 Card 3805","","","($40.00)","$618.42"
"08/15/2023","Visa Check  PHILLIPS 66 - T SQUARE PARKER CO 08/15/23 Card 3805","","","($23.41)","$595.01"
"08/15/2023","T SQUARE 17050 E MAIN STREE US PARKER CO 5541 Card 3805","","","($19.10)","$575.91"
"08/16/2023","Visa Check  TWISTERS PAR 21 PARKER CO 08/15/23 Card 3805","","","($8.95)","$566.96"
"08/16/2023","Visa Check  ACT*Parker Rec/Culture 303-8053273 CO 08/16/23 Card 3805","","","($42.00)","$524.96"
"08/16/2023","Visa Check  DD DOORDASH FUZZYSTAC 855-973-1040 CA 08/16/23 Card 3805","","","($21.36)","$503.60"
"08/16/2023","Visa Check  ZEL*KORY BROWN Visa Direct AZ 08/16/23 Card 3805","","","($20.00)","$483.60"
"08/16/2023","Visa Check  WALMART.COM 800-966-6546 AR 08/16/23 Card 3805","","","($35.57)","$448.03"
"08/17/2023","Visa Check  TST* Taste of Philly - Parker CO 08/16/23 Card 3805","","","($14.88)","$433.15"
"08/17/2023","Visa Check  PHILLIPS 66 - T SQUARE PARKER CO 08/17/23 Card 3805","","","($9.37)","$423.78"
"08/17/2023","Visa Check  PHILLIPS 66 - T SQUARE PARKER CO 08/17/23 Card 3805","","","($16.94)","$406.84"
"08/17/2023","Visa Check  PHILLIPS 66 - T SQUARE PARKER CO 08/17/23 Card 3805","","","($3.66)","$403.18"
"08/18/2023","Visa Check  LOAF N JUG #0007 PARKER CO 08/17/23 Card 3805","","","($3.08)","$400.10"
"08/18/2023","Visa Check  GOOD TIMES DR THRU 148 PARKER CO 08/16/23 Card 3805","","","($3.88)","$396.22"
"08/18/2023","Check #111 Withdrawal","","0000000111","($72.00)","$324.22"
"08/19/2023","Visa Check  WALGREENS #5261 PARKER CO 08/18/23 Card 3805","","","($11.12)","$313.10"
"08/19/2023","Visa Check  GOOGLE *YouTube Music g.co/helppay# CA 08/19/23 Card 3805","","","($10.69)","$302.41"
"08/19/2023","Visa Check  PHILLIPS 66 - T SQUARE PARKER CO 08/19/23 Card 3805","","","($5.60)","$296.81"
"08/20/2023","Visa Check  AMZN Mktp US*TQ4PM0321 Amzn.com/bill WA 08/20/23 Card 3805","","","($1.36)","$295.45"
"08/21/2023","Visa Check  DD DOORDASH JERSEYMIK 855-973-1040 CA 08/21/23 Card 3805","","","($20.74)","$274.71"
"08/21/2023","Visa Check  DD DOORDASH MCDONALDS 855-973-1040 CA 08/21/23 Card 3805","","","($18.38)","$256.33"
"08/21/2023","Visa Check  PHILLIPS 66 - T SQUARE PARKER CO 08/21/23 Card 3805","","","($17.44)","$238.89"
"08/22/2023","Visa Check  DD DOORDASH PANDAEXPR 855-973-1040 CA 08/22/23 Card 3805","","","($41.43)","$197.46"
"08/22/2023","Visa Check  PHILLIPS 66 - T SQUARE PARKER CO 08/22/23 Card 3805","","","($13.70)","$183.76"
"08/23/2023","Visa Check  PHILLIPS 66 - T SQUARE PARKER CO 08/23/23 Card 3805","","","($34.50)","$149.26"
"08/23/2023","Visa Check  PHILLIPS 66 - T SQUARE PARKER CO 08/23/23 Card 3805","","","($6.50)","$142.76"
"08/23/2023","Visa Check  PHILLIPS 66 - T SQUARE PARKER CO 08/23/23 Card 3805","","","($8.93)","$133.83"
"08/25/2023","Visa Check  SONIC DRIVE IN #4428 PARKER CO 08/24/23 Card 3805","","","($14.44)","$119.39"
"08/25/2023","DISHA CORP  : DIRECT DEP   : 9111111101","","","$946.83","$1,066.22"
"08/25/2023","Visa Check  Waffle House PARKER CO 08/25/23 Card 3805","","","($20.40)","$1,045.82"
"08/26/2023","Visa Check  DD DOORDASH FREDDYSFR 855-973-1040 CA 08/26/23 Card 3805","","","($26.22)","$1,019.60"
"08/26/2023","Visa Check  PHILLIPS 66 - T SQUARE PARKER CO 08/26/23 Card 3805","","","($15.59)","$1,004.01"
"08/27/2023","Visa Check  PHILLIPS 66 - T SQUARE PARKER CO 08/27/23 Card 3805","","","($2.80)","$1,001.21"
"08/27/2023","T SQUARE 17050 E MAIN STREE US PARKER CO 5541 Card 3805","","","($13.02)","$988.19"
"08/28/2023","Visa Check  PHILLIPS 66 - T SQUARE PARKER CO 08/28/23 Card 3805","","","($4.63)","$983.56"
"08/28/2023","Visa Check  DD DOORDASH CASAMATAM 855-973-1040 CA 08/28/23 Card 3805","","","($30.29)","$953.27"
"08/28/2023","Visa Check  DD DOORDASH CARLSJR. 855-973-1040 CA 08/28/23 Card 3805","","","($21.81)","$931.46"
"08/28/2023","Withdrawal PAI ISO 17050 E MAINSTREET PARKER CO Card 3805","","","($63.00)","$868.46"
"08/28/2023","Check #113 Withdrawal","","0000000113","($72.00)","$796.46"
"08/28/2023","Visa Check  PHILLIPS 66 - T SQUARE PARKER CO 08/28/23 Card 3805","","","($43.01)","$753.45"
"08/29/2023","PAYMENT FOR AMZ  : STORECARD   : 9069872103 NAME: 6045781174794916","","","($112.10)","$641.35"
"08/29/2023","Visa Check  Waffle House PARKER CO 08/29/23 Card 3805","","","($22.80)","$618.55"
"08/30/2023","Visa Check  CIRCLE K # 44137 PARKER CO 08/29/23 Card 3805","","","($3.11)","$615.44"
"08/30/2023","Visa Check  PHILLIPS 66 - T SQUARE PARKER CO 08/30/23 Card 3805","","","($8.39)","$607.05"
"08/31/2023","Visa Check  MEM.AI MEM.AI CA 08/31/23 Card 3805","","","($10.00)","$597.05"
"08/31/2023","Visa Check  AMZN Mktp US*TL4UX9OR2 Amzn.com/bill WA 08/31/23 Card 3805","","","($43.42)","$553.63"
"08/31/2023","Visa Check  DD DOORDASH SUBWAY 855-973-1040 CA 08/31/23 Card 3805","","","($21.02)","$532.61"
"08/31/2023","Deposit Dividend Tiered Rate APY Earned  0.05% 08/01/23 to 08/31/23","","","$0.02","$532.63"
"09/01/2023","Visa Check  LOAF N JUG #0007 PARKER CO 08/31/23 Card 3805","","","($7.51)","$525.12"
"09/02/2023","Visa Check  CHILI'S SOUTH PARKER PARKER CO 09/01/23 Card 3805","","","($67.53)","$457.59"
"09/02/2023","Visa Check  7-ELEVEN 41543 PARKER CO 09/01/23 Card 3805","","","($7.00)","$450.59"
"09/03/2023","Visa Check  E 470 EXPRESS TOLLS 303-5373470 CO 09/02/23 Card 3805","","","($29.55)","$421.04"
"09/03/2023","Visa Check  NAYAX AMUSEMENTS HUNT VALLEY MD 09/02/23 Card 3805","","","($7.00)","$414.04"
"09/03/2023","Visa Check  DD DOORDASH MCDONALDS 855-973-1040 CA 09/03/23 Card 3805","","","($36.02)","$378.02"
"09/03/2023","Visa Check  CONOCO - SEI 32923 PARKER CO 09/02/23 Card 3805","","","($3.42)","$374.60"
"09/03/2023","Visa Check  SCHLOTZSKY'S 1790 GREENWOOD VIL CO 09/03/23 Card 3805","","","($9.63)","$364.97"
"09/03/2023","Visa Check  SCHLOTZSKY'S 1790 GREENWOOD VIL CO 09/03/23 Card 3805","","","($21.41)","$343.56"
"09/04/2023","Visa Check  PHILLIPS 66 - T SQUARE PARKER CO 09/03/23 Card 3805","","","($23.09)","$320.47"
"09/04/2023","Visa Check  DD DOORDASH SUBWAY 855-973-1040 CA 09/04/23 Card 3805","","","($31.55)","$288.92"
"09/04/2023","Visa Check  PHILLIPS 66 - T SQUARE PARKER CO 09/04/23 Card 3805","","","($18.64)","$270.28"
"09/04/2023","Visa Check  ROBLOX 1.888.858.2569 HTTPSCORP.ROB CA 09/04/23 Card 3805","","","($4.99)","$265.29"
"09/05/2023","Visa Check  DD DOORDASH MCDONALDS 855-973-1040 CA 09/05/23 Card 3805","","","($30.74)","$234.55"
"09/05/2023","Visa Check  PYTHONANYWHERE RICHMOND GB 09/05/23 Card 3805","","","($7.00)","$227.55"
"09/05/2023","Withdrawal Card Fee  VISA INTERNATIONAL SERVICE ASSESSMENT Date 09/05/23 Card 3805","","","($0.06)","$227.49"
"09/06/2023","Visa Check  DD DOORDASH JERSEYMIK 855-973-1040 CA 09/06/23 Card 3805","","","($29.68)","$197.81"
"09/06/2023","Visa Check  PHILLIPS 66 - T SQUARE PARKER CO 09/06/23 Card 3805","","","($20.38)","$177.43"
"09/06/2023","Visa Check  PHILLIPS 66 - T SQUARE PARKER CO 09/06/23 Card 3805","","","($6.47)","$170.96"
"09/07/2023","Visa Check  DD DOORDASH COLONNASP 855-973-1040 CA 09/07/23 Card 3805","","","($28.48)","$142.48"
"09/07/2023","Visa Check  PHILLIPS 66 - T SQUARE PARKER CO 09/07/23 Card 3805","","","($9.58)","$132.90"
"09/08/2023","Visa Check  SONIC DRIVE IN #4428 PARKER CO 09/07/23 Card 3805","","","($18.88)","$114.02"
"09/08/2023","DISHA CORP  : DIRECT DEP   : 9111111101","","","$890.26","$1,004.28"
"09/08/2023","Visa Check  7-ELEVEN 39421 PARKER CO 09/07/23 Card 3805","","","($16.83)","$987.45"
"09/09/2023","Visa Check  STEAMGAMES.COM 42595229 425-8899642 WA 09/09/23 Card 3805","","","($10.29)","$977.16"
"09/09/2023","Visa Check  SHELL OIL 57446054504 AURORA CO 09/08/23 Card 3805","","","($13.26)","$963.90"
"09/09/2023","Visa Check  DD DOORDASH LACASITA 855-973-1040 CA 09/09/23 Card 3805","","","($32.49)","$931.41"
"09/10/2023","Visa Check  DD DOORDASH BLACKJACK 855-973-1040 CA 09/10/23 Card 3805","","","($27.87)","$903.54"
"09/10/2023","Visa Check  PHILLIPS 66 - T SQUARE PARKER CO 09/10/23 Card 3805","","","($8.94)","$894.60"
"09/10/2023","Visa Check  PHILLIPS 66 - T SQUARE PARKER CO 09/10/23 Card 3805","","","($13.66)","$880.94"
"09/10/2023","Visa Check  WALMART.COM 800-966-6546 AR 09/10/23 Card 3805","","","($61.62)","$819.32"
"09/11/2023","Visa Check  WALMART.COM 8009666546 800-966-6546 AR 09/10/23 Card 3805","","","($3.28)","$816.04"
"09/11/2023","Visa Check  PHILLIPS 66 - T SQUARE PARKER CO 09/11/23 Card 3805","","","($23.09)","$792.95"
"09/11/2023","Visa Check  PHILLIPS 66 - T SQUARE PARKER CO 09/11/23 Card 3805","","","($11.29)","$781.66"
"09/12/2023","Visa Check  MCDONALD'S #F21389 PARKER CO 09/11/23 Card 3805","","","($9.80)","$771.86"
"09/12/2023","Withdrawal LIVWELL DTC -706765 7795 E BELL VIEW #2 DENVER CO Card 3805","","","($103.50)","$668.36"
"09/12/2023","Visa Check  DD DOORDASH SUBWAY 855-973-1040 CA 09/12/23 Card 3805","","","($24.77)","$643.59"
"09/12/2023","Visa Check  TARGET 00022194 PARKER CO 09/12/23 Card 3805","","","($16.18)","$627.41"
"09/12/2023","Visa Check  CHATGPT SUBSCRIPTION OPENAI.COM CA 09/12/23 Card 3805","","","($20.00)","$607.41"
"09/13/2023","T SQUARE 17050 E MAIN STREE US PARKER CO 5541 Card 3805","","","($8.17)","$599.24"
"09/13/2023","Visa Check  OPENAI OPENAI.COM CA 09/13/23 Card 3805","","","($1.12)","$598.12"
"09/13/2023","GOOGLE *Scopely Inc 855-836-3987 CA Card 3805","","","($4.99)","$593.13"
"09/13/2023","Visa Check  DD DOORDASH ARBYS 855-973-1040 CA 09/13/23 Card 3805","","","($21.05)","$572.08"
"09/14/2023","Visa Check  CHIPOTLE 0059 PARKER CO 09/13/23 Card 3805","","","($17.12)","$554.96"
"09/14/2023","Visa Check  AMZN Mktp US*TX0UC3FL2 Amzn.com/bill WA 09/14/23 Card 3805","","","($13.23)","$541.73"
"09/14/2023","Visa Check  PHILLIPS 66 - T SQUARE PARKER CO 09/14/23 Card 3805","","","($14.93)","$526.80"
"09/14/2023","Visa Check  Kindle Svcs*TR5Q95551 888-802-3080 WA 09/14/23 Card 3805","","","($1.07)","$525.73"
"09/15/2023","Visa Check  DOORDASH DASHPASS WWW.DOORDASH. CA 09/15/23 Card 3805","","","($9.99)","$515.74"
"09/15/2023","Visa Check  LOAF N JUG #0007 PARKER CO 09/14/23 Card 3805","","","($22.16)","$493.58"
"09/15/2023","Visa Check  LOAF N JUG #0007 PARKER CO 09/14/23 Card 3805","","","($40.00)","$453.58"
"09/16/2023","Visa Check  ACT*Parker Rec/Culture 303-8053273 CO 09/16/23 Card 3805","","","($42.00)","$411.58"
"09/16/2023","Visa Check  7-ELEVEN 39421 PARKER CO 09/15/23 Card 3805","","","($12.14)","$399.44"
"09/17/2023","Visa Check  DD DOORDASH TWISTERSB 855-973-1040 CA 09/17/23 Card 3805","","","($24.80)","$374.64"
"09/18/2023","Visa Check  STEAMGAMES.COM 42595229 425-8899642 WA 09/18/23 Card 3805","","","($20.59)","$354.05"
"09/18/2023","Visa Check  FIVE BELOW 3020 PARKER CO 09/17/23 Card 3805","","","($15.79)","$338.26"
"09/18/2023","Visa Check  PHILLIPS 66 - T SQUARE PARKER CO 09/18/23 Card 3805","","","($14.86)","$323.40"
"09/18/2023","Visa Check  DD DOORDASH MCDONALDS 855-973-1040 CA 09/18/23 Card 3805","","","($31.49)","$291.91"
"09/18/2023","Withdrawal PAI ISO 17050 E MAINSTREET PARKER CO Card 3805","","","($23.00)","$268.91"
"09/19/2023","T SQUARE 17050 E MAIN STREE US PARKER CO 5541 Card 3805","","","($8.39)","$260.52"
"09/19/2023","Visa Check  GOOGLE *YouTube Music g.co/helppay# CA 09/19/23 Card 3805","","","($11.76)","$248.76"
"09/19/2023","Visa Check  DD DOORDASH CARLSJR. 855-973-1040 CA 09/19/23 Card 3805","","","($19.45)","$229.31"
"09/19/2023","Visa Check  DD DOORDASH CHICK-FIL 855-973-1040 CA 09/19/23 Card 3805","","","($23.14)","$206.17"
"09/20/2023","Visa Check  BERRY BLENDZ PARKER CO 09/19/23 Card 3805","","","($8.86)","$197.31"
"09/20/2023","Visa Check  DD DOORDASH FUZZYSTAC 855-973-1040 CA 09/20/23 Card 3805","","","($22.34)","$174.97"
"09/20/2023","Visa Check  PHILLIPS 66 - T SQUARE PARKER CO 09/20/23 Card 3805","","","($7.53)","$167.44"
"09/21/2023","Visa Check  TWISTERS PAR 21 PARKER CO 09/20/23 Card 3805","","","($11.86)","$155.58"
"09/21/2023","WM SUPERCENTER #2892 Wal-Mart Super Center PARKER CO Card 3805","","","($21.05)","$134.53"
"09/22/2023","Visa Check  #5716 EVERYDAY STORE PARKER CO 09/21/23 Card 3805","","","($46.98)","$87.55"
"09/22/2023","Visa Check  LOAF N JUG #0007 PARKER CO 09/21/23 Card 3805","","","($11.01)","$76.54"
"09/22/2023","DISHA CORP  : DIRECT DEP   : 9111111101","","","$748.78","$825.32"
"09/22/2023","Visa Check  ZEL*KORY BROWN Visa Direct AZ 09/23/23 Card 3805","","","($20.00)","$805.32"
"09/23/2023","Visa Check  CHIPOTLE 0059 PARKER CO 09/22/23 Card 3805","","","($12.26)","$793.06"
"09/23/2023","Visa Check  PHILLIPS 66 - T SQUARE PARKER CO 09/23/23 Card 3805","","","($16.35)","$776.71"
"09/24/2023","Visa Check  PHILLIPS 66 - T SQUARE PARKER CO 09/23/23 Card 3805","","","($20.01)","$756.70"
"09/24/2023","Visa Check  PHILLIPS 66 - T SQUARE PARKER CO 09/24/23 Card 3805","","","($13.91)","$742.79"
"09/25/2023","Visa Check  ATG USA LLC 727-5121245 FL 09/24/23 Card 3805","","","($29.50)","$713.29"
"09/25/2023","Visa Check  AMZN Mktp US*T15PD5ED0 Amzn.com/bill WA 09/25/23 Card 3805","","","($41.38)","$671.91"
"09/25/2023","Visa Check  PHILLIPS 66 - T SQUARE PARKER CO 09/25/23 Card 3805","","","($10.33)","$661.58"
"09/25/2023","Visa Check  DD DOORDASH LILRICCIS 855-973-1040 CA 09/25/23 Card 3805","","","($20.78)","$640.80"
"09/26/2023","Visa Check  PHILLIPS 66 - T SQUARE PARKER CO 09/26/23 Card 3805","","","($14.26)","$626.54"
"09/26/2023","Visa Check  DD DOORDASH ARBYS 855-973-1040 CA 09/26/23 Card 3805","","","($28.71)","$597.83"
"09/27/2023","AMAZON CORP  : SYF PAYMNT   : 9069872103","","","($240.00)","$357.83"
"09/27/2023","Visa Check  DD DOORDASH CHARLEYSC 855-973-1040 CA 09/27/23 Card 3805","","","($23.38)","$334.45"
"09/27/2023","Withdrawal ENT CREDIT UNION 18700 COTTONWOOD DRIVE PARKER CO Card 3805","","","($65.00)","$269.45"
"09/27/2023","Visa Check  PHILLIPS 66 - T SQUARE PARKER CO 09/27/23 Card 3805","","","($20.76)","$248.69"
"09/28/2023","Visa Check  MCDONALD'S #F21389 PARKER CO 09/27/23 Card 3805","","","($11.94)","$236.75"
"09/28/2023","Visa Check  PHILLIPS 66 - T SQUARE PARKER CO 09/28/23 Card 3805","","","($32.62)","$204.13"
"09/29/2023","Visa Check  #5716 EVERYDAY STORE PARKER CO 09/28/23 Card 3805","","","($28.47)","$175.66"
"09/29/2023","Visa Check  DD DOORDASH MCDONALDS 855-973-1040 CA 09/29/23 Card 3805","","","($29.25)","$146.41"
"09/29/2023","Visa Check  PHILLIPS 66 - T SQUARE PARKER CO 09/29/23 Card 3805","","","($6.21)","$140.20"
"09/29/2023","Visa Check  E 470 EXPRESS TOLLS 303-5373470 CO 09/29/23 Card 3805","","","($29.85)","$110.35"
"09/30/2023","Visa Check  MEM.AI MEM.AI CA 09/30/23 Card 3805","","","($10.00)","$100.35"
"09/30/2023","Visa Check  #5716 EVERYDAY STORE PARKER CO 09/29/23 Card 3805","","","($26.12)","$74.23"
"09/30/2023","Visa Check  SHELL OIL 57446054504 AURORA CO 09/29/23 Card 3805","","","($13.26)","$60.97"
"09/30/2023","Deposit Dividend Tiered Rate APY Earned  0.05% 09/01/23 to 09/30/23","","","$0.02","$60.99"
"10/02/2023","Visa Check  MCDONALD'S F7462 PARKER CO 10/01/23 Card 3805","","","($10.67)","$50.32"
"10/02/2023","Visa Check  PHILLIPS 66 - T SQUARE PARKER CO 10/02/23 Card 3805","","","($11.05)","$39.27"
"10/03/2023","Visa Check  PHILLIPS 66 - T SQUARE PARKER CO 10/03/23 Card 3805","","","($9.46)","$29.81"
"10/04/2023","Visa Check  PHILLIPS 66 - T SQUARE PARKER CO 10/04/23 Card 3805","","","($10.97)","$18.84"
"10/05/2023","Visa Check  PYTHONANYWHERE RICHMOND GB 10/05/23 Card 3805","","","($7.00)","$11.84"
"10/05/2023","Withdrawal Card Fee  VISA INTERNATIONAL SERVICE ASSESSMENT Date 10/05/23 Card 3805","","","($0.06)","$11.78"
"10/06/2023","DISHA CORP  : DIRECT DEP   : 9111111101","","","$897.09","$908.87"
"10/06/2023","Visa Check  QT 4206 INSIDE PARKER CO 10/06/23 Card 3805","","","($6.77)","$902.10"
"10/07/2023","Visa Check  VAPEZ PARKER CO 10/06/23 Card 3805","","","($25.89)","$876.21"
"10/07/2023","Visa Check  PHILLIPS 66 - T SQUARE PARKER CO 10/07/23 Card 3805","","","($7.96)","$868.25"
"10/08/2023","Visa Check  PHILLIPS 66 - T SQUARE PARKER CO 10/08/23 Card 3805","","","($21.53)","$846.72"
"10/09/2023","Withdrawal ENT CREDIT UNION 18700 COTTONWOOD DRIVE PARKER CO Card 3805","","","($80.00)","$766.72"
"10/09/2023","Visa Check  PHILLIPS 66 - T SQUARE PARKER CO 10/09/23 Card 3805","","","($9.78)","$756.94"
"10/09/2023","Visa Check  PHILLIPS 66 - T SQUARE PARKER CO 10/09/23 Card 3805","","","($14.88)","$742.06"
"10/10/2023","Visa Check  EINSTEIN BROS BAGELS264 ENGLEWOOD CO 10/09/23 Card 3805","","","($13.17)","$728.89"
"10/10/2023","Visa Check  DD DOORDASH ARBYS 855-973-1040 CA 10/10/23 Card 3805","","","($21.72)","$707.17"
"10/10/2023","Visa Check  PHILLIPS 66 - T SQUARE PARKER CO 10/10/23 Card 3805","","","($20.81)","$686.36"
"10/11/2023","Visa Check  #5716 EVERYDAY STORE PARKER CO 10/09/23 Card 3805","","","($60.00)","$626.36"
"10/11/2023","Visa Check  TWISTERS PAR 21 PARKER CO 10/10/23 Card 3805","","","($10.41)","$615.95"
"10/11/2023","Visa Check  PHILLIPS 66 - T SQUARE PARKER CO 10/11/23 Card 3805","","","($17.33)","$598.62"
"10/11/2023","Visa Check  DD DOORDASH JERSEYMIK 855-973-1040 CA 10/11/23 Card 3805","","","($21.42)","$577.20"
"10/12/2023","Visa Check  PHILLIPS 66 - T SQUARE PARKER CO 10/12/23 Card 3805","","","($12.46)","$564.74"
"10/12/2023","WAL WAL-MART SUPER 641484 2892 WAL-SAMS PARKER CO Card 3805","","","($11.90)","$552.84"
"10/12/2023","Visa Check  WALMART.COM 8009666546 800-966-6546 AR 10/12/23 Card 3805","","","($2.12)","$550.72"
"10/12/2023","Visa Check  CHATGPT SUBSCRIPTION HTTPSOPENAI.C CA 10/12/23 Card 3805","","","($20.00)","$530.72"
"10/12/2023","Visa Check  WALMART.COM 800-966-6546 AR 10/12/23 Card 3805","","","($49.31)","$481.41"
"10/14/2023","Visa Check  SQ *LAVA ISLAND Aurora CO 10/13/23 Card 3805","","","($27.00)","$454.41"
"10/14/2023","Visa Check  DD DOORDASH MCDONALDS 855-973-1040 CA 10/14/23 Card 3805","","","($27.24)","$427.17"
"10/15/2023","Visa Check  DOORDASH DASHPASS WWW.DOORDASH. CA 10/15/23 Card 3805","","","($9.99)","$417.18"
"10/15/2023","Withdrawal ENT CREDIT UNION 18700 COTTONWOOD DRIVE PARKER CO Card 3805","","","($40.00)","$377.18"
"10/15/2023","Visa Check  DD DOORDASH COLONNASP 855-973-1040 CA 10/15/23 Card 3805","","","($46.60)","$330.58"
"10/16/2023","Visa Check  QT 4206 INSIDE PARKER CO 10/15/23 Card 3805","","","($10.52)","$320.06"
"10/16/2023","Visa Check  QT 4206 INSIDE PARKER CO 10/15/23 Card 3805","","","($6.30)","$313.76"
"10/16/2023","Visa Check  ACT*Parker Rec/Culture 303-8053273 CO 10/16/23 Card 3805","","","($46.00)","$267.76"
"10/16/2023","Visa Check  WL *Steam Purchase 425-9522985 WA 10/16/23 Card 3805","","","($15.43)","$252.33"
"10/16/2023","Visa Check  PHILLIPS 66 - T SQUARE PARKER CO 10/16/23 Card 3805","","","($18.30)","$234.03"
"10/17/2023","Visa Check  PHILLIPS 66 - T SQUARE PARKER CO 10/17/23 Card 3805","","","($41.95)","$192.08"
"10/17/2023","Visa Check  DD DOORDASH ARBYS 855-973-1040 CA 10/17/23 Card 3805","","","($39.47)","$152.61"
"10/18/2023","Visa Check  PHILLIPS 66 - T SQUARE PARKER CO 10/18/23 Card 3805","","","($8.61)","$144.00"
"10/19/2023","Visa Check  GOOGLE *YouTube Music g.co/helppay# CA 10/19/23 Card 3805","","","($11.76)","$132.24"
"10/19/2023","Visa Check  QT 4206 INSIDE PARKER CO 10/18/23 Card 3805","","","($10.44)","$121.80"
"10/19/2023","Visa Check  DD DOORDASH BURGERKIN 855-973-1040 CA 10/19/23 Card 3805","","","($6.33)","$115.47"
"10/19/2023","Visa Check  PHILLIPS 66 - T SQUARE PARKER CO 10/19/23 Card 3805","","","($20.02)","$95.45"
"10/20/2023","DISHA CORP  : DIRECT DEP   : 9111111101","","","$904.97","$1,000.42"
"10/20/2023","Withdrawal QT-CO 16791 MARKET ST PARKER CO Card 3805","","","($62.50)","$937.92"
"10/21/2023","Visa Check  QT 4206 INSIDE PARKER CO 10/20/23 Card 3805","","","($9.60)","$928.32"
"10/21/2023","Visa Check  DD DOORDASH MCDONALDS 855-973-1040 CA 10/21/23 Card 3805","","","($15.44)","$912.88"
"10/21/2023","Visa Check  7-ELEVEN 41543 PARKER CO 10/21/23 Card 3805","","","($18.07)","$894.81"
"10/21/2023","Visa Check  PHILLIPS 66 - T SQUARE PARKER CO 10/21/23 Card 3805","","","($4.83)","$889.98"
"10/22/2023","Visa Check  QT 4206 INSIDE PARKER CO 10/21/23 Card 3805","","","($8.69)","$881.29"
"10/22/2023","Visa Check  DD DOORDASH QDOBAMEXI 855-973-1040 CA 10/22/23 Card 3805","","","($19.84)","$861.45"
"10/22/2023","Visa Check  E 470 EXPRESS TOLLS 303-5373470 CO 10/22/23 Card 3805","","","($30.90)","$830.55"
"10/23/2023","Visa Check  PHILLIPS 66 - T SQUARE PARKER CO 10/23/23 Card 3805","","","($40.77)","$789.78"
"10/23/2023","Visa Check  DD DOORDASH SUBWAY 855-973-1040 CA 10/23/23 Card 3805","","","($18.78)","$771.00"
"10/23/2023","Check #114 Withdrawal","","0000000114","($72.00)","$699.00"
"10/23/2023","Check #115 Withdrawal","","0000000115","($72.00)","$627.00"
"10/24/2023","Visa Check  BURGER KING #10685 PARKER CO 10/22/23 Card 3805","","","($12.41)","$614.59"
"10/24/2023","Visa Check  CHIPOTLE 0059 PARKER CO 10/23/23 Card 3805","","","($13.34)","$601.25"
"10/24/2023","Visa Check  PHILLIPS 66 - T SQUARE PARKER CO 10/24/23 Card 3805","","","($4.19)","$597.06"
"10/24/2023","Visa Check  PHILLIPS 66 - T SQUARE PARKER CO 10/24/23 Card 3805","","","($12.16)","$584.90"
"10/24/2023","Visa Check  DD DOORDASH CHICK-FIL 855-973-1040 CA 10/24/23 Card 3805","","","($29.01)","$555.89"
"10/25/2023","AMAZON CORP  : SYF PAYMNT   : 9069872103","","","($189.70)","$366.19"
"10/25/2023","Withdrawal ENT CREDIT UNION 8405 PARK MEADOWS DR 10 LONE TREE CO Card 3805","","","($40.00)","$326.19"
"10/25/2023","Visa Check  PHILLIPS 66 - T SQUARE PARKER CO 10/25/23 Card 3805","","","($10.11)","$316.08"
"10/25/2023","Visa Check  PHILLIPS 66 - T SQUARE PARKER CO 10/25/23 Card 3805","","","($7.21)","$308.87"
"10/25/2023","Visa Check  DD DOORDASH BURGERKIN 855-973-1040 CA 10/25/23 Card 3805","","","($29.14)","$279.73"
"10/26/2023","Visa Check  PHILLIPS 66 - T SQUARE PARKER CO 10/26/23 Card 3805","","","($13.73)","$266.00"
"10/26/2023","Visa Check  PHILLIPS 66 - T SQUARE PARKER CO 10/26/23 Card 3805","","","($40.01)","$225.99"
"10/26/2023","Visa Check  DD DOORDASH ARTISANPI 855-973-1040 CA 10/26/23 Card 3805","","","($18.57)","$207.42"
"10/26/2023","Visa Check  Waffle House PARKER CO 10/25/23 Card 3805","","","($24.11)","$183.31"
"10/27/2023","Visa Check  QT 4206 INSIDE PARKER CO 10/26/23 Card 3805","","","($11.74)","$171.57"
"10/28/2023","Visa Check  QT 4206 INSIDE PARKER CO 10/27/23 Card 3805","","","($7.59)","$163.98"
"10/28/2023","Visa Check  QT 4206 INSIDE PARKER CO 10/27/23 Card 3805","","","($14.80)","$149.18"
"10/29/2023","Visa Check  DD DOORDASH MCDONALDS 855-973-1040 CA 10/29/23 Card 3805","","","($36.66)","$112.52"
"10/29/2023","WAL WAL-MART SUPER 541181 2892 WAL-SAMS PARKER CO Card 3805","","","($4.82)","$107.70"
"10/29/2023","Amazon Prime*TS0C19XK3 Amzn.com/bill WA Card 3805","","","($16.19)","$91.51"
"10/30/2023","Visa Check  PHILLIPS 66 - T SQUARE PARKER CO 10/30/23 Card 3805","","","($10.77)","$80.74"
"10/30/2023","Visa Check  FREAKYS PARKER PARKER CO 10/29/23 Card 3805","","","($10.80)","$69.94"
"10/31/2023","Visa Check  QT 4206 INSIDE PARKER CO 10/30/23 Card 3805","","","($8.25)","$61.69"
"10/31/2023","Visa Check  PHILLIPS 66 - T SQUARE PARKER CO 10/31/23 Card 3805","","","($13.20)","$48.49"
"10/31/2023","Visa Check  DD DOORDASH CAPRIOTTI 855-973-1040 CA 10/31/23 Card 3805","","","($19.37)","$29.12"
"10/31/2023","Deposit Dividend Tiered Rate APY Earned  0.06% 10/01/23 to 10/31/23","","","$0.02","$29.14"
"11/01/2023","Visa Check  E 470 EXPRESS TOLLS 303-5373470 CO 10/31/23 Card 3805","","","($28.20)","$0.94"
"11/02/2023","Visa Check  #5716 EVERYDAY STORE PARKER CO 10/31/23 Card 3805","","","($15.00)","($14.06)"
"11/03/2023","DISHA CORP  : DIRECT DEP   : 9111111101","","","$906.89","$892.83"
"11/04/2023","Visa Check  DD DOORDASH WHATTHEPH 855-973-1040 CA 11/04/23 Card 3805","","","($28.89)","$863.94"
"11/05/2023","Visa Check  FREAKYS PARKER PARKER CO 11/04/23 Card 3805","","","($32.40)","$831.54"
"11/05/2023","Visa Check  PHILLIPS 66 - T SQUARE PARKER CO 11/05/23 Card 3805","","","($32.68)","$798.86"
"11/05/2023","Visa Check  PYTHONANYWHERE RICHMOND GB 11/05/23 Card 3805","","","($7.00)","$791.86"
"11/05/2023","Withdrawal Card Fee  VISA INTERNATIONAL SERVICE ASSESSMENT Date 11/05/23 Card 3805","","","($0.06)","$791.80"
"11/06/2023","Visa Check  DD DOORDASH PANERABRE 855-973-1040 CA 11/06/23 Card 3805","","","($24.39)","$767.41"
"11/06/2023","Visa Check  DD DOORDASH GOODTIMES 855-973-1040 CA 11/06/23 Card 3805","","","($54.54)","$712.87"
"11/06/2023","Withdrawal PAI ISO 17050 E MAINSTREET PARKER CO Card 3805","","","($63.00)","$649.87"
"11/07/2023","Visa Check  DD DOORDASH PANERABRE 855-973-1040 CA 11/07/23 Card 3805","","","($26.49)","$623.38"
"11/07/2023","Visa Check  PHILLIPS 66 - T SQUARE PARKER CO 11/07/23 Card 3805","","","($45.00)","$578.38"
"11/08/2023","Visa Check  OPENAI HTTPSOPENAI.C CA 11/08/23 Card 3805","","","($0.53)","$577.85"
"11/08/2023","Visa Check  DD DOORDASH LILRICCIS 855-973-1040 CA 11/08/23 Card 3805","","","($29.78)","$548.07"
"11/08/2023","Visa Check  PHILLIPS 66 - T SQUARE PARKER CO 11/08/23 Card 3805","","","($9.69)","$538.38"
"11/08/2023","Visa Check  PHILLIPS 66 - T SQUARE PARKER CO 11/08/23 Card 3805","","","($11.17)","$527.21"
"11/09/2023","Visa Check  QT 4206 INSIDE PARKER CO 11/08/23 Card 3805","","","($10.46)","$516.75"
"11/09/2023","Visa Check  DD DOORDASH BURGERKIN 855-973-1040 CA 11/09/23 Card 3805","","","($27.20)","$489.55"
"11/09/2023","Visa Check  PHILLIPS 66 - T SQUARE PARKER CO 11/09/23 Card 3805","","","($30.55)","$459.00"
"11/09/2023","Visa Check  Waffle House PARKER CO 11/09/23 Card 3805","","","($22.78)","$436.22"
"11/10/2023","Visa Check  QT 4206 INSIDE PARKER CO 11/09/23 Card 3805","","","($11.00)","$425.22"
"11/10/2023","Visa Check  Kindle Svcs*647C614Q3 888-802-3080 WA 11/10/23 Card 3805","","","($16.19)","$409.03"
"11/11/2023","Visa Check  QT 4206 INSIDE PARKER CO 11/10/23 Card 3805","","","($11.25)","$397.78"
"11/11/2023","Visa Check  LOAF N JUG #0007 PARKER CO 11/10/23 Card 3805","","","($7.11)","$390.67"
"11/11/2023","Visa Check  IN N OUT BURGER 360 AURORA CO 11/11/23 Card 3805","","","($14.04)","$376.63"
"11/11/2023","GOOGLE *ROBLOX 855-836-3987 CA Card 3805","","","($12.49)","$364.14"
"11/11/2023","Visa Check  FUNIMATION PRODUCTIONS HTTPSWWW.FUNI TX 11/11/23 Card 3805","","","($10.86)","$353.28"
"11/12/2023","Visa Check  STEAMGAMES.COM 42595229 425-8899642 WA 11/12/23 Card 3805","","","($1.02)","$352.26"
"11/12/2023","Visa Check  DD DOORDASH MCDONALDS 855-973-1040 CA 11/12/23 Card 3805","","","($10.10)","$342.16"
"11/12/2023","Visa Check  7-ELEVEN 41543 PARKER CO 11/11/23 Card 3805","","","($11.09)","$331.07"
"11/12/2023","Visa Check  CHATGPT SUBSCRIPTION HTTPSOPENAI.C CA 11/12/23 Card 3805","","","($20.00)","$311.07"
"11/12/2023","Withdrawal PAI ISO 17050 E MAINSTREET PARKER CO Card 3805","","","($43.00)","$268.07"
"11/13/2023","Visa Check  DD DOORDASH TACOBELL 855-973-1040 CA 11/13/23 Card 3805","","","($32.67)","$235.40"
"11/13/2023","Visa Check  PHILLIPS 66 - T SQUARE PARKER CO 11/13/23 Card 3805","","","($3.98)","$231.42"
"11/13/2023","WAL-MART #2892 11101 SO. PARKER ROAD PARKER CO Card 3805","","","($9.52)","$221.90"
"11/14/2023","Visa Check  PHILLIPS 66 - T SQUARE PARKER CO 11/14/23 Card 3805","","","($23.20)","$198.70"
"11/14/2023","866-790-4111 1150 N. ALMA SCHOOL ROA MESA AZ Card 3805","","","($75.00)","$123.70"
"11/14/2023","Visa Check  DD DOORDASH PARRYSPIZ 855-973-1040 CA 11/14/23 Card 3805","","","($29.57)","$94.13"
"11/14/2023","Visa Check  ZEL*Pamela Spengler Visa Direct AZ 11/14/23 Card 3805","","","($25.00)","$69.13"
"11/14/2023","Visa Check  DOORDASH DASHPASS WWW.DOORDASH. CA 11/15/23 Card 3805","","","($9.99)","$59.14"
"11/15/2023","Visa Check  DD DOORDASH CASAMATA 855-973-1040 CA 11/15/23 Card 3805","","","($23.63)","$35.51"
"11/15/2023","Visa Check  PHILLIPS 66 - T SQUARE PARKER CO 11/15/23 Card 3805","","","($15.47)","$20.04"
"11/16/2023","OPC*GRNWDVLG RL NOTICE 866-790-4111 AZ Card 3805","","","($4.00)","$16.04"
"11/17/2023","Visa Check  #5716 EVERYDAY STORE PARKER CO 11/16/23 Card 3805","","","($15.04)","$1.00"
"11/17/2023","DISHA CORP  : DIRECT DEP   : 9111111101","","","$823.73","$824.73"
"11/18/2023","Visa Check  DD DOORDASH MCDONALDS 855-973-1040 CA 11/18/23 Card 3805","","","($23.74)","$800.99"
"11/18/2023","Visa Check  PHILLIPS 66 - T SQUARE PARKER CO 11/18/23 Card 3805","","","($29.92)","$771.07"
"11/18/2023","WENDYS #8257 16931 LINCOLN AVE PARKER CO 5814 Card 3805","","","($14.03)","$757.04"
"11/18/2023","Visa Check  E 470 EXPRESS TOLLS 303-5373470 CO 11/18/23 Card 3805","","","($26.55)","$730.49"
"11/19/2023","Visa Check  GOOGLE *YouTube Music g.co/helppay# CA 11/19/23 Card 3805","","","($11.76)","$718.73"
"11/19/2023","Visa Check  PHILLIPS 66 - T SQUARE PARKER CO 11/19/23 Card 3805","","","($12.93)","$705.80"
"11/19/2023","Visa Check  DD DOORDASH DELTACO 855-973-1040 CA 11/19/23 Card 3805","","","($15.11)","$690.69"
"11/21/2023","Visa Check  MCDONALD'S F7462 PARKER CO 11/20/23 Card 3805","","","($9.05)","$681.64"
"11/21/2023","Visa Check  PHILLIPS 66 - T SQUARE PARKER CO 11/21/23 Card 3805","","","($13.67)","$667.97"
"11/21/2023","WM SUPERCENTER #2892 Wal-Mart Super Center PARKER CO Card 3805","","","($31.66)","$636.31"
"11/21/2023","Visa Check  ZEL*KORY BROWN Visa Direct AZ 11/22/23 Card 3805","","","($20.00)","$616.31"
"11/21/2023","T SQUARE 17050 E MAIN STREE US PARKER CO 5541 Card 3805","","","($29.62)","$586.69"
"11/22/2023","Visa Check  #5716 EVERYDAY STORE PARKER CO 11/21/23 Card 3805","","","($44.96)","$541.73"
"11/22/2023","Visa Check  DD DOORDASH WENDYS 855-973-1040 CA 11/22/23 Card 3805","","","($23.01)","$518.72"
"11/25/2023","Visa Check  DD *DOORDASH MCDONALDS WWW.DOORDASH. CA 11/25/23 Card 3805","","","($36.56)","$482.16"
"11/26/2023","Visa Check  API VENDMASSAGECHAIR AURORA CO 11/25/23 Card 3805","","","($7.00)","$475.16"
"11/26/2023","Visa Check  URBAN AIR AURORA CO 11/25/23 Card 3805","","","($7.02)","$468.14"
"11/27/2023","Visa Check  DD DOORDASH PANERABRE 855-973-1040 CA 11/27/23 Card 3805","","","($26.37)","$441.77"
"11/27/2023","T SQUARE 17050 E MAIN STREE US PARKER CO 5541 Card 3805","","","($4.63)","$437.14"
"11/28/2023","Visa Check  PHILLIPS 66 - T SQUARE PARKER CO 11/27/23 Card 3805","","","($10.97)","$426.17"
"11/29/2023","Visa Check  BERRY BLENDZ PARKER CO 11/28/23 Card 3805","","","($7.51)","$418.66"
"11/29/2023","AMAZON Store  : SYF PAYMNT   : 9069872103","","","($231.90)","$186.76"
"11/29/2023","Visa Check  AMZN Mktp US*LY2RP6Z13 Amzn.com/bill WA 11/29/23 Card 3805","","","($26.73)","$160.03"
"11/29/2023","Visa Check  AMZN Mktp US*NM4C91GG3 Amzn.com/bill WA 11/29/23 Card 3805","","","($14.85)","$145.18"
"11/29/2023","Visa Check  PHILLIPS 66 - T SQUARE PARKER CO 11/29/23 Card 3805","","","($36.76)","$108.42"
"11/29/2023","Amazon Prime*D34KO2253 Amzn.com/bill WA Card 3805","","","($16.19)","$92.23"
"11/30/2023","Visa Check  WALMART.COM 8009666546 800-966-6546 AR 11/30/23 Card 3805","","","($16.15)","$76.08"
"11/30/2023","Visa Check  WALMART.COM 8009666546 800-966-6546 AR 11/30/23 Card 3805","","","($8.50)","$67.58"
"11/30/2023","Deposit Dividend Tiered Rate APY Earned  0.06% 11/01/23 to 11/30/23","","","$0.02","$67.60"
"12/01/2023","DISHA CORP  : DIRECT DEP   : 9111111101","","","$761.45","$829.05"
"12/01/2023","Visa Check  WALMART.COM 800-966-6546 AR 12/01/23 Card 3805","","","($3.84)","$825.21"
"12/01/2023","Visa Check  QT 4206 INSIDE PARKER CO 11/30/23 Card 3805","","","($13.75)","$811.46"
"12/02/2023","Visa Check  QT 4206 INSIDE PARKER CO 12/01/23 Card 3805","","","($8.21)","$803.25"
"12/02/2023","Visa Check  MCDONALD'S F7462 PARKER CO 12/01/23 Card 3805","","","($14.02)","$789.23"
"12/03/2023","Visa Check  DD DOORDASH QDOBAMEXI 855-973-1040 CA 12/03/23 Card 3805","","","($19.27)","$769.96"
"12/03/2023","Visa Check  DD DOORDASH WENDYS 855-973-1040 CA 12/03/23 Card 3805","","","($22.57)","$747.39"
"12/03/2023","Visa Check  Kindle Svcs*3Z3DN1BF3 888-802-3080 WA 12/03/23 Card 3805","","","($7.01)","$740.38"
"12/03/2023","7-ELEVEN 9301 S PARKER ROAD US PARKER CO 5541 Card 3805","","","($6.42)","$733.96"
"12/04/2023","Visa Check  PHILLIPS 66 - T SQUARE PARKER CO 12/02/23 Card 3805","","","($16.79)","$717.17"
"12/04/2023","Visa Check  PHILLIPS 66 - T SQUARE PARKER CO 12/02/23 Card 3805","","","($16.79)","$700.38"
"12/04/2023","Visa Check  TACO BELL 002643 PARKER CO 12/03/23 Card 3805","","","($10.23)","$690.15"
"12/04/2023","Visa Check  Waffle House PARKER CO 12/04/23 Card 3805","","","($20.36)","$669.79"
"12/05/2023","WAL WAL-MART SUPER 810853 2892 WAL-SAMS PARKER CO Card 3805","","","($8.49)","$661.30"
"12/05/2023","Visa Check  PHILLIPS 66 - T SQUARE PARKER CO 12/04/23 Card 3805","","","($6.65)","$654.65"
"12/05/2023","Visa Check  PHILLIPS 66 - T SQUARE PARKER CO 12/04/23 Card 3805","","","($13.02)","$641.63"
"12/05/2023","Visa Check  DD DOORDASH ARBYS 855-973-1040 CA 12/05/23 Card 3805","","","($19.92)","$621.71"
"12/05/2023","T SQUARE 17050 E MAIN STREE US PARKER CO 5541 Card 3805","","","($4.63)","$617.08"
"12/06/2023","Visa Check  AMZN Mktp US*KQ6CI97K3 Amzn.com/bill WA 12/06/23 Card 3805","","","($24.00)","$593.08"
"12/06/2023","Visa Check  DD DOORDASH PARRYSPIZ 855-973-1040 CA 12/06/23 Card 3805","","","($30.71)","$562.37"
"12/06/2023","Visa Check  GOOD TIMES DR THRU 148 PARKER CO 12/05/23 Card 3805","","","($10.23)","$552.14"
"12/06/2023","Visa Check  PHILLIPS 66 - T SQUARE PARKER CO 12/06/23 Card 3805","","","($16.26)","$535.88"
"12/07/2023","Visa Check  Amazon.com*6L57F5B53 Amzn.com/bill WA 12/06/23 Card 3805","","","($37.95)","$497.93"
"12/07/2023","Visa Check  AMZN Mktp US*SZ2II6IZ3 Amzn.com/bill WA 12/06/23 Card 3805","","","($34.29)","$463.64"
"12/07/2023","Visa Check  7-ELEVEN 32923 PARKER CO 12/06/23 Card 3805","","","($6.48)","$457.16"
"12/07/2023","Visa Check  OPENAI HTTPSOPENAI.C CA 12/07/23 Card 3805","","","($0.89)","$456.27"
"12/07/2023","Visa Check  DD DOORDASH CASAMATAM 855-973-1040 CA 12/07/23 Card 3805","","","($18.45)","$437.82"
"12/07/2023","KING SOOPERS #0088 17031 LINCOLN AVE PARKER CO Card 3805","","","($12.29)","$425.53"
"12/08/2023","PHILLIPS 66 - T SQUARE PARKER CO 12/02/23 Card 3805","","","$16.79","$442.32"
"12/08/2023","Check #116 Withdrawal","","0000000116","($144.00)","$298.32"
"12/09/2023","Visa Check  QT 4206 INSIDE PARKER CO 12/08/23 Card 3805","","","($29.62)","$268.70"
"12/09/2023","Visa Check  DD DOORDASH MCDONALDS 855-973-1040 CA 12/09/23 Card 3805","","","($28.77)","$239.93"
"12/09/2023","Visa Check  7-ELEVEN 39421 PARKER CO 12/08/23 Card 3805","","","($9.62)","$230.31"
"12/09/2023","Visa Check  E 470 EXPRESS TOLLS 303-5373470 CO 12/09/23 Card 3805","","","($25.70)","$204.61"
"12/10/2023","Visa Check  DD DOORDASH TACOBELL 855-973-1040 CA 12/10/23 Card 3805","","","($25.73)","$178.88"
"12/10/2023","Visa Check  PHILLIPS 66 - T SQUARE PARKER CO 12/10/23 Card 3805","","","($9.04)","$169.84"
"12/10/2023","T SQUARE 17050 E MAIN STREE US PARKER CO 5541 Card 3805","","","($14.00)","$155.84"
"12/11/2023","Visa Check  DD DOORDASH LILRICCIS 855-973-1040 CA 12/11/23 Card 3805","","","($29.65)","$126.19"
"12/11/2023","Visa Check  FUNIMATION PRODUCTIONS HTTPSWWW.FUNI TX 12/11/23 Card 3805","","","($10.86)","$115.33"
"12/12/2023","Visa Check  AMZN Mktp US*DN1OB4RN3 Amzn.com/bill WA 12/12/23 Card 3805","","","($62.07)","$53.26"
"12/12/2023","Visa Check  WL *Steam Purchase 425-9522985 WA 12/12/23 Card 3805","","","($5.14)","$48.12"
"12/12/2023","Visa Check  PHILLIPS 66 - T SQUARE PARKER CO 12/12/23 Card 3805","","","($19.83)","$28.29"
"12/13/2023","Visa Check  McDonalds 7462 130-3841821 CO 12/12/23 Card 3805","","","($11.74)","$16.55"
"12/13/2023","Visa Check  TACO BELL KFC 21392 PARKER CO 12/12/23 Card 3805","","","($6.12)","$10.43"
"12/14/2023","7-ELEVEN 9301 S PARKER ROAD US PARKER CO 5541 Card 3805","","","($0.44)","$9.99"
"12/14/2023","Visa Check  DOORDASH DASHPASS WWW.DOORDASH. CA 12/15/23 Card 3805","","","($9.99)","$0.00"
"12/15/2023","DISHA CORP  : DIRECT DEP   : 9111111101","","","$739.57","$739.57"
"12/15/2023","Visa Check  CHATGPT SUBSCRIPTION HTTPSOPENAI.C CA 12/15/23 Card 3805","","","($20.00)","$719.57"
"12/15/2023","GOOGLE *EA Mobile 855-836-3987 CA Card 3805","","","($29.99)","$689.58"
"12/15/2023","Visa Check  AMZN Mktp US*PZ0YE7CJ3 Amzn.com/bill WA 12/15/23 Card 3805","","","($25.92)","$663.66"
"12/16/2023","Visa Check  MCDONALD'S F37856 AURORA CO 12/15/23 Card 3805","","","($14.21)","$649.45"
"12/16/2023","Visa Check  DD DOORDASH TASTEOFPH 855-973-1040 CA 12/16/23 Card 3805","","","($21.42)","$628.03"
"12/16/2023","Visa Check  PHILLIPS 66 - T SQUARE PARKER CO 12/16/23 Card 3805","","","($9.14)","$618.89"
"12/17/2023","Visa Check  #5716 EVERYDAY STORE PARKER CO 12/15/23 Card 3805","","","($50.21)","$568.68"
"12/17/2023","Visa Check  PHILLIPS 66 - T SQUARE PARKER CO 12/17/23 Card 3805","","","($7.31)","$561.37"
"12/17/2023","Visa Check  DD DOORDASH PARRYSPIZ 855-973-1040 CA 12/17/23 Card 3805","","","($30.66)","$530.71"
"12/17/2023","Visa Check  GITHUB, INC. HTTPSGITHUB.C CA 12/17/23 Card 3805","","","($9.68)","$521.03"
"12/18/2023","Visa Check  DD DOORDASH TACOBELL 855-973-1040 CA 12/18/23 Card 3805","","","($26.51)","$494.52"
"12/18/2023","Visa Check  PHILLIPS 66 - T SQUARE PARKER CO 12/18/23 Card 3805","","","($6.03)","$488.49"
"12/19/2023","Visa Check  GOOGLE *YouTube Music g.co/helppay# CA 12/19/23 Card 3805","","","($11.76)","$476.73"
"12/19/2023","Visa Check  AMZN Mktp US*788QM41F3 Amzn.com/bill WA 12/19/23 Card 3805","","","($33.74)","$442.99"
"12/19/2023","Visa Check  DD DOORDASH SUBWAY 855-973-1040 CA 12/19/23 Card 3805","","","($20.63)","$422.36"
"12/19/2023","WAL-MART #2892 11101 SO. PARKER ROAD PARKER CO Card 3805","","","($48.84)","$373.52"
"12/20/2023","Withdrawal ENT CREDIT UNION 8671 PARK MEADOWS CTR D LONE TREE CO Card 3805","","","($40.00)","$333.52"
"12/20/2023","Visa Check  BURGER KING #1996 AURORA CO 12/18/23 Card 3805","","","($11.64)","$321.88"
"12/21/2023","WM SUPERCENTER #2892 Wal-Mart Super Center PARKER CO Card 3805","","","($38.60)","$283.28"
"12/21/2023","Visa Check  DD DOORDASH WENDYS 855-973-1040 CA 12/21/23 Card 3805","","","($18.88)","$264.40"
"12/21/2023","Visa Check  PHILLIPS 66 - T SQUARE PARKER CO 12/21/23 Card 3805","","","($12.94)","$251.46"
"12/22/2023","Visa Check  PHILLIPS 66 - T SQUARE PARKER CO 12/21/23 Card 3805","","","($25.19)","$226.27"
"12/22/2023","Visa Check  BB DINER AURORA #273 AURORA CO 12/21/23 Card 3805","","","($29.40)","$196.87"
"12/23/2023","Visa Check  GOOGLE *EA Mobile g.co/helppay# CA 12/23/23 Card 3805","","","($2.99)","$193.88"
"12/23/2023","Visa Check  DD DOORDASH TACOBELL 855-973-1040 CA 12/23/23 Card 3805","","","($25.97)","$167.91"
"12/24/2023","ZEL*ANTHONY METCALF Visa Direct AZ 12/24/23 Card 3805","","","$10.00","$177.91"
"12/24/2023","Visa Check  WALGREENS #5261 PARKER CO 12/23/23 Card 3805","","","($6.48)","$171.43"
"12/24/2023","Visa Check  GOOD TIMES DR THRU 148 PARKER CO 12/23/23 Card 3805","","","($10.23)","$161.20"
"12/24/2023","Visa Check  GOOGLE *ROBLOX g.co/helppay# CA 12/24/23 Card 3805","","","($19.99)","$141.21"
"12/25/2023","ZEL*TERI FRANCISCO Visa Direct AZ 12/25/23 Card 3805","","","$150.00","$291.21"
"12/25/2023","Visa Check  ZEL*KORY BROWN Visa Direct AZ 12/25/23 Card 3805","","","($20.00)","$271.21"
"12/25/2023","Visa Check  DD DOORDASH MCDONALDS 855-973-1040 CA 12/25/23 Card 3805","","","($19.34)","$251.87"
"12/26/2023","Visa Check  PHILLIPS 66 - T SQUARE PARKER CO 12/25/23 Card 3805","","","($11.95)","$239.92"
"12/27/2023","Visa Check  PHILLIPS 66 - T SQUARE PARKER CO 12/27/23 Card 3805","","","($18.65)","$221.27"
"12/27/2023","Visa Check  DD DOORDASH ARBYS 855-973-1040 CA 12/27/23 Card 3805","","","($16.42)","$204.85"
"12/27/2023","Visa Check  PHILLIPS 66 - T SQUARE PARKER CO 12/27/23 Card 3805","","","($6.48)","$198.37"
"12/28/2023","Visa Check  #5716 EVERYDAY STORE PARKER CO 12/27/23 Card 3805","","","($40.00)","$158.37"
"12/28/2023","Visa Check  Waffle House PARKER CO 12/28/23 Card 3805","","","($20.61)","$137.76"
"12/29/2023","Visa Check  BURGER KING #10685 PARKER CO 12/27/23 Card 3805","","","($12.52)","$125.24"
"12/29/2023","Visa Check  MCDONALD'S F7462 PARKER CO 12/28/23 Card 3805","","","($13.78)","$111.46"
"12/29/2023","GOOGLE *ROBLOX 855-836-3987 CA Card 3805","","","($19.99)","$91.47"
"12/29/2023","DISHA CORP  : DIRECT DEP   : 9111111101","","","$741.52","$832.99"
"12/29/2023","Visa Check  7-ELEVEN 32923 PARKER CO 12/28/23 Card 3805","","","($5.17)","$827.82"
"12/29/2023","Amazon Prime*0E8832EL3 Amzn.com/bill WA Card 3805","","","($16.19)","$811.63"
"12/30/2023","Visa Check  EINSTEIN BAGELS 1402 AURORA CO 12/29/23 Card 3805","","","($11.97)","$799.66"
"12/30/2023","Visa Check  DD DOORDASH ANTHONYSP 855-973-1040 CA 12/30/23 Card 3805","","","($30.81)","$768.85"
"12/30/2023","Visa Check  PHILLIPS 66 - T SQUARE PARKER CO 12/30/23 Card 3805","","","($25.19)","$743.66"
"12/30/2023","Visa Check  PHILLIPS 66 - T SQUARE PARKER CO 12/30/23 Card 3805","","","($16.49)","$727.17"
"12/31/2023","Visa Check  GOOGLE *EA Mobile g.co/helppay# CA 12/30/23 Card 3805","","","($2.99)","$724.18"
"12/31/2023","Visa Check  DD DOORDASH MICIHANDC 855-973-1040 CA 12/31/23 Card 3805","","","($47.49)","$676.69"
"12/31/2023","GOOGLE *EA Mobile 855-836-3987 CA Card 3805","","","($2.99)","$673.70"
"12/31/2023","Deposit Dividend Tiered Rate APY Earned  0.06% 12/01/23 to 12/31/23","","","$0.02","$673.72"
"01/01/2024","GOOGLE *EA Mobile 855-836-3987 CA Card 3805","","","($9.99)","$663.73"
"01/01/2024","Visa Check  PHILLIPS 66 - T SQUARE PARKER CO 01/01/24 Card 3805","","","($12.22)","$651.51"
"01/02/2024","AMAZON CORP  : SYF PAYMNT   : 9069872103","","","($262.27)","$389.24"
"01/02/2024","Visa Check  DD DOORDASH CASAMATA 855-973-1040 CA 01/02/24 Card 3805","","","($23.55)","$365.69"
"01/03/2024","Visa Check  Amazon.com*5E0GP2RD3 Amzn.com/bill WA 01/03/24 Card 3805","","","($19.78)","$345.91"
"01/03/2024","Visa Check  PHILLIPS 66 - T SQUARE PARKER CO 01/03/24 Card 3805","","","($12.37)","$333.54"
"01/04/2024","GUMRD.COM* PASCIO HTTPSGUMROAD. CA Card 3805","","","($50.00)","$283.54"
"01/04/2024","Visa Check  DD DOORDASH SPICEKITC 855-973-1040 CA 01/04/24 Card 3805","","","($33.61)","$249.93"
"01/05/2024","Visa Check  E 470 EXPRESS TOLLS 303-5373470 CO 01/04/24 Card 3805","","","($31.50)","$218.43"
"01/06/2024","Visa Check  DD DOORDASH MCDONALDS 855-973-1040 CA 01/06/24 Card 3805","","","($25.42)","$193.01"
"01/07/2024","Visa Check  DD DOORDASH GOODTIMES 855-973-1040 CA 01/07/24 Card 3805","","","($12.21)","$180.80"
"01/07/2024","Visa Check  FREAKYS PARKER PARKER CO 01/06/24 Card 3805","","","($27.00)","$153.80"
"01/07/2024","GOOGLE *MAI HUY MAO 855-836-3987 CA Card 3805","","","($8.49)","$145.31"
"01/08/2024","Visa Check  DD DOORDASH CARLSJR. 855-973-1040 CA 01/08/24 Card 3805","","","($23.33)","$121.98"
"01/09/2024","Visa Check  PHILLIPS 66 - T SQUARE PARKER CO 01/09/24 Card 3805","","","($40.04)","$81.94"
"01/10/2024","Visa Check  DD DOORDASH ARTISANPI 855-973-1040 CA 01/10/24 Card 3805","","","($26.94)","$55.00"
"01/10/2024","Visa Check  PHILLIPS 66 - T SQUARE PARKER CO 01/10/24 Card 3805","","","($4.53)","$50.47"
"01/10/2024","ZEL*JERAMIAH JAKUBOWSKI Visa Direct AZ 01/11/24 Card 3805","","","$25.00","$75.47"
"01/10/2024","Withdrawal PAI ISO 17050 E MAINSTREET PARKER CO Card 3805","","","($43.00)","$32.47"
"01/11/2024","Visa Check  DD DOORDASH CASAMATA 855-973-1040 CA 01/11/24 Card 3805","","","($15.82)","$16.65"
"01/11/2024","Visa Check  FUNIMATION PRODUCTIONS HTTPSWWW.FUNI TX 01/11/24 Card 3805","","","($10.86)","$5.79"
"01/16/2024","DISHA CORP  : DIRECT DEP   : 9111111101","","","$858.79","$864.58"
"01/16/2024","Visa Check  GITHUB, INC. HTTPSGITHUB.C CA 01/16/24 Card 3805","","","($10.00)","$854.58"
"01/17/2024","Visa Check  CHIPOTLE 0059 PARKER CO 01/16/24 Card 3805","","","($15.17)","$839.41"
"01/17/2024","Visa Check  DD DOORDASH MICIHANDC 855-973-1040 CA 01/17/24 Card 3805","","","($22.94)","$816.47"
"01/17/2024","Visa Check  PHILLIPS 66 - T SQUARE PARKER CO 01/17/24 Card 3805","","","($35.87)","$780.60"
"01/17/2024","T SQUARE 17050 E MAIN STREE US PARKER CO 5541 Card 3805","","","($14.87)","$765.73"
"01/18/2024","Visa Check  DD DOORDASH CHILISGRI 855-973-1040 CA 01/18/24 Card 3805","","","($22.15)","$743.58"
"01/18/2024","FACTOR75 188-857-3572 IL Card 3805","","","($12.35)","$731.23"
"01/18/2024","FACTOR75 188-857-3572 IL Card 3805","","","($64.84)","$666.39"
"01/18/2024","Visa Check  CHATGPT SUBSCRIPTION HTTPSOPENAI.C CA 01/18/24 Card 3805","","","($20.00)","$646.39"
"01/19/2024","Visa Check  BURGER KING #10685 PARKER CO 01/17/24 Card 3805","","","($15.76)","$630.63"
"01/19/2024","Visa Check  #5716 EVERYDAY STORE PARKER CO 01/17/24 Card 3805","","","($52.03)","$578.60"
"01/19/2024","Visa Check  TWISTERS PAR 21 PARKER CO 01/18/24 Card 3805","","","($8.95)","$569.65"
"01/19/2024","Visa Check  GOOGLE *YouTube Music g.co/helppay# CA 01/19/24 Card 3805","","","($11.76)","$557.89"
"01/19/2024","ZEL*JERAMIAH JAKUBOWSKI Visa Direct AZ 01/19/24 Card 3805","","","$25.00","$582.89"
"01/20/2024","Visa Check  QT 4206 INSIDE PARKER CO 01/19/24 Card 3805","","","($5.63)","$577.26"
"01/20/2024","Visa Check  E 470 EXPRESS TOLLS 303-5373470 CO 01/19/24 Card 3805","","","($27.80)","$549.46"
"01/20/2024","Visa Check  QT 4206 INSIDE PARKER CO 01/19/24 Card 3805","","","($6.24)","$543.22"
"01/20/2024","Visa Check  CHICK-FIL-A #1111 PARKER CO 01/19/24 Card 3805","","","($20.20)","$523.02"
"01/21/2024","Visa Check  BURGER KING #1996 AURORA CO 01/19/24 Card 3805","","","($11.64)","$511.38"
"01/21/2024","Visa Check  DD DOORDASH MCDONALDS 855-973-1040 CA 01/21/24 Card 3805","","","($30.12)","$481.26"
"01/22/2024","ZEL*TERI FRANCISCO Visa Direct AZ 01/22/24 Card 3805","","","$150.00","$631.26"
"01/22/2024","Visa Check  DD DOORDASH CAPRIOTTI 855-973-1040 CA 01/22/24 Card 3805","","","($20.28)","$610.98"
"01/22/2024","Visa Check  PHILLIPS 66 - T SQUARE PARKER CO 01/22/24 Card 3805","","","($6.48)","$604.50"
"01/22/2024","Withdrawal ENT CREDIT UNION 8671 PARK MEADOWS CTR D LONE TREE CO Card 3805","","","($60.00)","$544.50"
"01/23/2024","Visa Check  MT FUJI HIBACHI&SUSHI AURORA CO 01/22/24 Card 3805","","","($59.56)","$484.94"
"01/24/2024","Visa Check  DD DOORDASH PARRYSPIZ 855-973-1040 CA 01/24/24 Card 3805","","","($27.73)","$457.21"
"01/24/2024","Visa Check  PHILLIPS 66 - T SQUARE PARKER CO 01/24/24 Card 3805","","","($45.11)","$412.10"
"01/25/2024","WM SUPERCENTER #2892 Wal-Mart Super Center PARKER CO Card 3805","","","($18.99)","$393.11"
"01/26/2024","Visa Check  CIRCLE K # 41166 AURORA CO 01/25/24 Card 3805","","","($15.77)","$377.34"
"01/26/2024","Visa Check  MCDONALD'S F7462 PARKER CO 01/25/24 Card 3805","","","($27.70)","$349.64"
"01/26/2024","DISHA CORP  : DIRECT DEP   : 9111111101","","","$698.37","$1,048.01"
"01/26/2024","Visa Check  CONOCO - SEI 21493 AURORA CO 01/26/24 Card 3805","","","($5.39)","$1,042.62"
"01/26/2024","Visa Check  ZEL*Pamela Spengler Visa Direct AZ 01/27/24 Card 3805","","","($20.00)","$1,022.62"
"01/27/2024","Visa Check  STEAMGAMES.COM 42595229 425-8899642 WA 01/27/24 Card 3805","","","($30.89)","$991.73"
"01/27/2024","Visa Check  CHIPOTLE ONLINE 949-524-4000 CA 01/27/24 Card 3805","","","($15.28)","$976.45"
"01/27/2024","FACTOR75 Pending credit/return for $12.35 on card 3805","","","",""
"01/27/2024","Visa Check  PHILLIPS 66 - T SQUARE PARKER CO 01/27/24 Card 3805","","","($14.27)","$962.18"
"01/28/2024","Credit Voucher  FACTOR75 1-888-5735727 IL 01/27/24 Card 3805","","","$12.35","$974.53"
"01/28/2024","Visa Check  NOODLES & CO 173 PARKER CO 01/27/24 Card 3805","","","($11.83)","$962.70"
"01/28/2024","Visa Check  PHILLIPS 66 - T SQUARE PARKER CO 01/28/24 Card 3805","","","($21.14)","$941.56"
"01/28/2024","GOOGLE *EA Mobile 855-836-3987 CA Card 3805","","","($1.99)","$939.57"
"01/29/2024","Visa Check  WL *Steam Purchase 425-9522985 WA 01/29/24 Card 3805","","","($30.89)","$908.68"
"01/29/2024","Visa Check  PHILLIPS 66 - T SQUARE PARKER CO 01/29/24 Card 3805","","","($7.84)","$900.84"
"01/29/2024","Amazon Prime*R20W541B0 Amzn.com/bill WA Card 3805","","","($16.19)","$884.65"
"01/29/2024","Visa Check  ZEL*JERAMIAH JAKUBOWSKI Visa Direct AZ 01/30/24 Card 3805","","","($20.00)","$864.65"
"01/30/2024","Visa Check  #5716 EVERYDAY STORE PARKER CO 01/29/24 Card 3805","","","($50.00)","$814.65"
"01/30/2024","Visa Check  CHIPOTLE 0059 PARKER CO 01/29/24 Card 3805","","","($14.90)","$799.75"
"01/30/2024","GOOGLE *EA Mobile 855-836-3987 CA Card 3805","","","($2.99)","$796.76"
"01/30/2024","Visa Check  DD DOORDASH BLACKJACK 855-973-1040 CA 01/30/24 Card 3805","","","($22.06)","$774.70"
"01/30/2024","ZEL*JERAMIAH JAKUBOWSKI Visa Direct AZ 01/30/24 Card 3805","","","$20.00","$794.70"
"01/30/2024","Visa Check  PHILLIPS 66 - T SQUARE PARKER CO 01/30/24 Card 3805","","","($16.50)","$778.20"
"01/31/2024","GOOGLE *EA Mobile 855-836-3987 CA Card 3805","","","($2.99)","$775.21"
"01/31/2024","AMAZON CORP  : SYF PAYMNT   : 9069872103","","","($258.75)","$516.46"
"01/31/2024","Visa Check  DD DOORDASH TASTEOFPH 855-973-1040 CA 01/31/24 Card 3805","","","($22.00)","$494.46"
"01/31/2024","Visa Check  PHILLIPS 66 - T SQUARE PARKER CO 01/31/24 Card 3805","","","($17.77)","$476.69"
"01/31/2024","Visa Check  GOOGLE *EA Mobile g.co/helppay# CA 01/31/24 Card 3805","","","($2.99)","$473.70"
"01/31/2024","Deposit Dividend Tiered Rate APY Earned  0.06% 01/01/24 to 01/31/24","","","$0.02","$473.72"
"02/01/2024","GOOGLE *EA Mobile 855-836-3987 CA Card 3805","","","($1.99)","$471.73"
"02/01/2024","FACTOR75 188-857-3572 IL Card 3805","","","($96.95)","$374.78"
"02/02/2024","Visa Check  MCDONALD'S F7462 PARKER CO 02/01/24 Card 3805","","","($21.24)","$353.54"
"02/02/2024","Visa Check  QT 4206 INSIDE PARKER CO 02/01/24 Card 3805","","","($12.49)","$341.05"
"02/02/2024","GOOGLE *EA Mobile 855-836-3987 CA Card 3805","","","($29.99)","$311.06"
"02/03/2024","Visa Check  MAVERIK #525 AURORA CO 02/02/24 Card 3805","","","($17.80)","$293.26"
"02/03/2024","Visa Check  SCHLOTZSKY'S 1790 GREENWOOD VIL CO 02/03/24 Card 3805","","","($23.55)","$269.71"
"02/04/2024","WM SUPERCENTER #2892 Wal-Mart Super Center PARKER CO Card 3805","","","($14.62)","$255.09"
"02/04/2024","Visa Check  IN-N-OUT LONE TREE LONE TREE CO 02/03/24 Card 3805","","","($19.46)","$235.63"
"02/04/2024","Visa Check  URBAN AIR PARK MEADOWS CENTENNIAL CO 02/03/24 Card 3805","","","($17.50)","$218.13"
"02/05/2024","Visa Check  DD DOORDASH TACOBELL 855-973-1040 CA 02/05/24 Card 3805","","","($17.31)","$200.82"
"02/05/2024","Visa Check  PHILLIPS 66 - T SQUARE PARKER CO 02/05/24 Card 3805","","","($13.78)","$187.04"
"02/06/2024","Visa Check  PHILLIPS 66 - T SQUARE PARKER CO 02/06/24 Card 3805","","","($16.13)","$170.91"
"02/06/2024","TARGET T-2219 11150 S Twenty Mile Rd Parker CO Card 3805","","","($5.04)","$165.87"
"02/07/2024","Visa Check  AMZN Mktp US*RB7XW9362 Amzn.com/bill WA 02/06/24 Card 3805","","","($21.86)","$144.01"
"02/07/2024","Visa Check  PHILLIPS 66 - T SQUARE PARKER CO 02/07/24 Card 3805","","","($8.39)","$135.62"
"02/07/2024","Visa Check  PHILLIPS 66 - T SQUARE PARKER CO 02/07/24 Card 3805","","","($15.70)","$119.92"
"02/08/2024","GOOGLE *EA Mobile 855-836-3987 CA Card 3805","","","($2.99)","$116.93"
"02/09/2024","DISHA CORP  : DIRECT DEP   : 9111111101","","","$606.17","$723.10"
"02/09/2024","Visa Check  QT 4206 INSIDE PARKER CO 02/08/24 Card 3805","","","($1.46)","$721.64"
"02/09/2024","Visa Check  ORDER.NOODLES.COM HTTPSORDER.NO CO 02/09/24 Card 3805","","","($14.90)","$706.74"
"02/09/2024","Visa Check  E 470 EXPRESS TOLLS 303-5373470 CO 02/09/24 Card 3805","","","($29.45)","$677.29"
"02/10/2024","Visa Check  PHILLIPS 66 - T SQUARE PARKER CO 02/09/24 Card 3805","","","($6.48)","$670.81"
"02/10/2024","GOOGLE *EA Mobile 855-836-3987 CA Card 3805","","","($49.99)","$620.82"
"02/10/2024","Visa Check  CIGNA 877 484 5967 877-484-5967 FL 02/09/24 Card 3805","","","($19.37)","$601.45"
"02/10/2024","Visa Check  PHILLIPS 66 - T SQUARE PARKER CO 02/10/24 Card 3805","","","($17.88)","$583.57"
"02/10/2024","Visa Check  ORDER.NOODLES.COM HTTPSORDER.NO CO 02/10/24 Card 3805","","","($11.83)","$571.74"
"02/11/2024","Visa Check  PHILLIPS 66 - T SQUARE PARKER CO 02/11/24 Card 3805","","","($12.82)","$558.92"
"02/11/2024","KING SOOPERS #0059 1545 S. KIPLING LAKEWOOD CO Card 3805","","","($19.93)","$538.99"
"02/11/2024","Visa Check  FUNIMATION PRODUCTIONS HTTPSWWW.FUNI TX 02/11/24 Card 3805","","","($10.86)","$528.13"
"02/12/2024","Visa Check  CJS WINE SPIRITS LAKEWOOD CO 02/11/24 Card 3805","","","($21.51)","$506.62"
"02/12/2024","Visa Check  TACO BELL 033845 LAKEWOOD CO 02/11/24 Card 3805","","","($10.49)","$496.13"
"02/12/2024","Visa Check  SAFEWAY #2342 LAKEWOOD CO 02/11/24 Card 3805","","","($16.11)","$480.02"
"02/12/2024","DraftKings  : ViaTrustly   : 2481029880","","","($25.00)","$455.02"
"02/12/2024","DraftKings  : ViaTrustly   : 2481029880","","","$24.50","$479.52"
"02/12/2024","Visa Check  ROCKET 6495 CENTENNIAL CO 02/12/24 Card 3805","","","($3.94)","$475.58"
"02/12/2024","Visa Check  ROCKET 6495 CENTENNIAL CO 02/12/24 Card 3805","","","($9.95)","$465.63"
"02/12/2024","Visa Check  GOOGLE *EA Mobile g.co/helppay# CA 02/12/24 Card 3805","","","($2.99)","$462.64"
"02/12/2024","T SQUARE PARKER CO Card 3805","","","($7.76)","$454.88"
"02/13/2024","Visa Check  ORDER.NOODLES.COM HTTPSORDER.NO CO 02/13/24 Card 3805","","","($11.83)","$443.05"
"02/13/2024","Visa Check  GOOGLE *EA Mobile g.co/helppay# CA 02/13/24 Card 3805","","","($1.99)","$441.06"
"02/13/2024","Visa Check  PHILLIPS 66 - T SQUARE PARKER CO 02/13/24 Card 3805","","","($9.71)","$431.35"
"02/14/2024","Visa Check  ACT*Parker Rec/Culture 303-8053273 CO 02/14/24 Card 3805","","","($115.00)","$316.35"
"02/14/2024","Visa Check  GOOGLE *EA Mobile g.co/helppay# CA 02/14/24 Card 3805","","","($24.99)","$291.36"
"02/14/2024","Visa Check  PHILLIPS 66 - T SQUARE PARKER CO 02/14/24 Card 3805","","","($7.34)","$284.02"
"02/14/2024","Visa Check  PHILLIPS 66 - T SQUARE PARKER CO 02/14/24 Card 3805","","","($16.17)","$267.85"
"02/14/2024","WAL WAL-MART SUPER 552422 2892 WAL-SAMS PARKER CO Card 3805","","","($22.61)","$245.24"
"02/15/2024","Visa Check  PHILLIPS 66 - T SQUARE PARKER CO 02/15/24 Card 3805","","","($11.00)","$234.24"
"02/15/2024","Visa Check  DD DOORDASH SBARRO 855-973-1040 CA 02/15/24 Card 3805","","","($13.60)","$220.64"
"02/15/2024","FACTOR75 188-857-3572 IL Card 3805","","","($10.29)","$210.35"
"02/15/2024","FACTOR75 188-857-3572 IL Card 3805","","","($78.01)","$132.34"
"02/16/2024","Visa Check  QT 4206 INSIDE PARKER CO 02/15/24 Card 3805","","","($22.01)","$110.33"
"02/16/2024","Visa Check  GITHUB, INC. HTTPSGITHUB.C CA 02/16/24 Card 3805","","","($10.00)","$100.33"
"02/16/2024","Visa Check  HITS VAPE PARKER CO 02/15/24 Card 3805","","","($32.39)","$67.94"
"02/17/2024","Visa Check  API VENDMASSAGECHAIR ENGLEWOOD CO 02/16/24 Card 3805","","","($7.00)","$60.94"
"02/17/2024","WAL WAL-MART SUPER 311415 2892 WAL-SAMS PARKER CO Card 3805","","","($24.55)","$36.39"
"02/17/2024","Visa Check  IN-N-OUT LONE TREE LONE TREE CO 02/16/24 Card 3805","","","($17.31)","$19.08"
"02/17/2024","Visa Check  URBAN AIR PARK MEADOWS CENTENNIAL CO 02/16/24 Card 3805","","","($17.50)","$1.58"
"02/20/2024","IRS  TREAS 310  : TAX REF   : 9111036170","","","$280.00","$281.58"
"02/21/2024","Visa Check  GOOGLE *YouTube Music g.co/helppay# CA 02/21/24 Card 3805","","","($11.76)","$269.82"
"02/21/2024","Visa Check  PHILLIPS 66 - T SQUARE PARKER CO 02/21/24 Card 3805","","","($22.87)","$246.95"
"02/22/2024","Withdrawal ENT CREDIT UNION 18700 COTTONWOOD DRIVE PARKER CO Card 3805","","","($80.00)","$166.95"
"02/23/2024","DISHA CORP  : DIRECT DEP   : 9111111101","","","$717.62","$884.57"
"02/23/2024","Visa Check  TACO BELL 002643 PARKER CO 02/22/24 Card 3805","","","($6.45)","$878.12"
"02/23/2024","Visa Check  CHATGPT SUBSCRIPTION HTTPSOPENAI.C CA 02/23/24 Card 3805","","","($20.00)","$858.12"
"02/23/2024","Visa Check  7-ELEVEN 39421 PARKER CO 02/22/24 Card 3805","","","($24.84)","$833.28"
"02/24/2024","Visa Check  MCDONALD'S F13847 AURORA CO 02/23/24 Card 3805","","","($32.44)","$800.84"
"02/24/2024","Visa Check  DD DOORDASH COLONNASP 855-973-1040 CA 02/24/24 Card 3805","","","($29.87)","$770.97"
"02/24/2024","Visa Check  PHILLIPS 66 - T SQUARE PARKER CO 02/24/24 Card 3805","","","($14.77)","$756.20"
"02/25/2024","STEAMGAMES.COM 42595229 Pending credit/return for $30.89 on card 3805","","","",""
"02/25/2024","Credit Voucher  STEAMGAMES.COM 42595229 425-8899642 WA 02/25/24 Card 3805","","","$30.89","$787.09"
"02/25/2024","Visa Check  TACO BELL 002643 PARKER CO 02/24/24 Card 3805","","","($11.61)","$775.48"
"02/25/2024","Visa Check  PHILLIPS 66 - T SQUARE PARKER CO 02/25/24 Card 3805","","","($13.88)","$761.60"
"02/26/2024","Visa Check  PHILLIPS 66 - T SQUARE PARKER CO 02/26/24 Card 3805","","","($11.32)","$750.28"
"02/26/2024","Visa Check  ORDER.NOODLES.COM HTTPSORDER.NO CO 02/26/24 Card 3805","","","($11.83)","$738.45"
"02/27/2024","Visa Check  PHILLIPS 66 - T SQUARE PARKER CO 02/27/24 Card 3805","","","($16.60)","$721.85"
"02/27/2024","T SQUARE PARKER CO Card 3805","","","($6.00)","$715.85"
"02/28/2024","Visa Check  FREAKYS PARKER PARKER CO 02/27/24 Card 3805","","","($27.00)","$688.85"
"02/28/2024","Visa Check  CHIPOTLE 0059 PARKER CO 02/27/24 Card 3805","","","($9.83)","$679.02"
"02/28/2024","Visa Check  PHILLIPS 66 - T SQUARE PARKER CO 02/28/24 Card 3805","","","($18.99)","$660.03"
"02/28/2024","Check #117 Withdrawal","","0000000117","($72.00)","$588.03"
"02/28/2024","Check #118 Withdrawal","","0000000118","($72.00)","$516.03"
"02/29/2024","Visa Check  DD DOORDASH COLONNASP 855-973-1040 CA 02/29/24 Card 3805","","","($30.87)","$485.16"
"02/29/2024","FACTOR75 188-857-3572 IL Card 3805","","","($78.01)","$407.15"
"02/29/2024","Visa Check  PHILLIPS 66 - T SQUARE PARKER CO 02/29/24 Card 3805","","","($5.95)","$401.20"
"02/29/2024","Visa Check  PHILLIPS 66 - T SQUARE PARKER CO 02/29/24 Card 3805","","","($12.68)","$388.52"
"02/29/2024","Amazon Prime*RW36M7IY1 Amzn.com/bill WA Card 3805","","","($16.19)","$372.33"
"02/29/2024","Deposit Dividend Tiered Rate APY Earned  0.04% 02/01/24 to 02/29/24","","","$0.01","$372.34"
"03/01/2024","Visa Check  CIRCLE K # 41166 AURORA CO 02/29/24 Card 3805","","","($25.32)","$347.02"
"03/01/2024","Visa Check  GOOGLE *GooglePlayStor g.co/helppay# CA 03/01/24 Card 3805","","","($19.99)","$327.03"
"03/02/2024","SQ *LAVA ISLAND SQUARE PURCHASE AURORA CO 7999 Card 3805","","","($7.56)","$319.47"
"03/02/2024","Visa Check  API VENDMASSAGECHAIR AURORA CO 03/01/24 Card 3805","","","($7.00)","$312.47"
"03/02/2024","Visa Check  JUS GRILL RESTAURANT HTTPSWWW.JUSG CO 03/02/24 Card 3805","","","($15.96)","$296.51"
"03/02/2024","Visa Check  ZEL*LAURA HOUCK Visa Direct AZ 03/03/24 Card 3805","","","($73.00)","$223.51"
"03/03/2024","Visa Check  MCDONALD'S F7462 PARKER CO 03/02/24 Card 3805","","","($15.74)","$207.77"
"03/03/2024","TARGET T-2458 15700 E Briarwood Cir Aurora CO Card 3805","","","($66.93)","$140.84"
"03/03/2024","T SQUARE PARKER CO Card 3805","","","($2.68)","$138.16"
"03/04/2024","Visa Check  SONIC DRIVE IN #4428 303-597-1530 CO 03/02/24 Card 3805","","","($12.51)","$125.65"
"03/04/2024","Visa Check  TST* GOLDEN FLAME HOT W 720-708-5834 CO 03/04/24 Card 3805","","","($30.76)","$94.89"
"03/04/2024","CO DEPT REVENUE  : COSTTAXRFD   : 3846000537","","","$1,312.00","$1,406.89"
"03/04/2024","AMAZON CORP  : SYF PAYMNT   : 9069872103","","","($258.75)","$1,148.14"
"03/04/2024","Visa Check  PHILLIPS 66 - T SQUARE PARKER CO 03/04/24 Card 3805","","","($18.76)","$1,129.38"
"03/04/2024","Visa Check  7-ELEVEN 41543 PARKER CO 03/03/24 Card 3805","","","($4.27)","$1,125.11"
"03/04/2024","T SQUARE 17050 E MAIN STREE US PARKER CO 5541 Card 3805","","","($33.14)","$1,091.97"
"03/05/2024","Visa Check  DD DOORDASH MCDONALDS 855-973-1040 CA 03/05/24 Card 3805","","","($23.32)","$1,068.65"
"03/05/2024","Visa Check  DD DOORDASH MCDONALDS 855-973-1040 CA 03/05/24 Card 3805","","","($2.57)","$1,066.08"
"03/06/2024","Visa Check  PHILLIPS 66 - T SQUARE PARKER CO 03/06/24 Card 3805","","","($5.04)","$1,061.04"
"03/06/2024","Visa Check  PHILLIPS 66 - T SQUARE PARKER CO 03/06/24 Card 3805","","","($15.19)","$1,045.85"
"03/06/2024","Withdrawal ENT CREDIT UNION 8671 PARK MEADOWS CTR D LONE TREE CO Card 3805","","","($60.00)","$985.85"
"03/07/2024","Visa Check  SONIC DRIVE IN #4428 303-597-1530 CO 03/05/24 Card 3805","","","($11.64)","$974.21"
"03/07/2024","Visa Check  WALGREENS #5261 PARKER CO 03/06/24 Card 3805","","","($5.00)","$969.21"
"03/07/2024","FACTOR75 188-857-3572 IL Card 3805","","","($78.01)","$891.20"
"03/07/2024","Visa Check  PHILLIPS 66 - ROCKET 65 AURORA CO 03/07/24 Card 3805","","","($12.66)","$878.54"
"03/07/2024","Visa Check  McDonalds 7462 130-3841821 CO 03/07/24 Card 3805","","","($12.87)","$865.67"
"03/08/2024","DISHA CORP  : DIRECT DEP   : 9111111101","","","$813.31","$1,678.98"
"03/09/2024","Visa Check  MCDONALD'S F27004 PARKER CO 03/08/24 Card 3805","","","($19.17)","$1,659.81"
"03/10/2024","T SQUARE PARKER CO Card 3805","","","($15.64)","$1,644.17"
"03/10/2024","Visa Check  PHILLIPS 66 - T SQUARE PARKER CO 03/10/24 Card 3805","","","($4.30)","$1,639.87"
"03/11/2024","Visa Check  SONIC DRIVE IN #4428 PARKER CO 03/10/24 Card 3805","","","($7.54)","$1,632.33"
"03/11/2024","Visa Check  PHILLIPS 66 - T SQUARE PARKER CO 03/11/24 Card 3805","","","($9.79)","$1,622.54"
"03/11/2024","Visa Check  FUNIMATION PRODUCTIONS HTTPSWWW.FUNI TX 03/11/24 Card 3805","","","($10.86)","$1,611.68"
"03/12/2024","Visa Check  DD *DOORDASH MCDONALDS WWW.DOORDASH. CA 03/12/24 Card 3805","","","($24.19)","$1,587.49"
"03/12/2024","Visa Check  PHILLIPS 66 - T SQUARE PARKER CO 03/12/24 Card 3805","","","($6.89)","$1,580.60"
"03/12/2024","WENDYS #8257 16931 LINCOLN AVE PARKER CO 5814 Card 3805","","","($16.08)","$1,564.52"
"03/12/2024","Visa Check  HITS VAPE PARKER CO 03/11/24 Card 3805","","","($32.39)","$1,532.13"
"03/13/2024","Visa Check  AMZN Mktp US*R64JS2IU0 Amzn.com/bill WA 03/13/24 Card 3805","","","($26.32)","$1,505.81"
"03/13/2024","Visa Check  PHILLIPS 66 - T SQUARE PARKER CO 03/13/24 Card 3805","","","($3.33)","$1,502.48"
"03/13/2024","Visa Check  PHILLIPS 66 - T SQUARE PARKER CO 03/13/24 Card 3805","","","($20.40)","$1,482.08"
"03/13/2024","Visa Check  ZEL*TERESA LIGGINS Visa Direct AZ 03/13/24 Card 3805","","","($40.00)","$1,442.08"
"03/15/2024","Visa Check  BURGER KING #10685 PARKER CO 03/13/24 Card 3805","","","($18.66)","$1,423.42"
"03/16/2024","Visa Check  JIMMY JOHNS - 1815 - EC 303-840-1220 CO 03/15/24 Card 3805","","","($24.68)","$1,398.74"
"03/16/2024","Visa Check  GITHUB, INC. HTTPSGITHUB.C CA 03/16/24 Card 3805","","","($10.00)","$1,388.74"
"03/17/2024","Visa Check  GOOGLE *ROBLOX g.co/helppay# CA 03/16/24 Card 3805","","","($4.99)","$1,383.75"
"03/17/2024","Visa Check  CIRCLE K # 41189 PARKER CO 03/16/24 Card 3805","","","($10.57)","$1,373.18"
"03/17/2024","Withdrawal ENT CREDIT UNION 8671 PARK MEADOWS CTR D LONE TREE CO Card 3805","","","($60.00)","$1,313.18"
"03/17/2024","TARGET T-2458 15700 E Briarwood Cir Aurora CO Card 3805","","","($30.21)","$1,282.97"
"03/17/2024","Visa Check  DD DOORDASH MCDONALDS 855-973-1040 CA 03/15/24 Card 3805","","","($44.36)","$1,238.61"
"03/17/2024","Visa Check  CHICK-FIL-A #452 LITTLETON CO 03/16/24 Card 3805","","","($23.84)","$1,214.77"
"03/18/2024","Visa Check  MANIFESTINGLAB LONDON GB 03/18/24 Card 3805","","","($37.00)","$1,177.77"
"03/18/2024","Withdrawal Card Fee  VISA INTERNATIONAL SERVICE ASSESSMENT Date 03/18/24 Card 3805","","","($0.30)","$1,177.47"
"03/18/2024","Visa Check  CONOCO - SEI 42018 AURORA CO 03/18/24 Card 3805","","","($43.32)","$1,134.15"
"03/19/2024","Visa Check  MCDONALD'S F27004 PARKER CO 03/18/24 Card 3805","","","($18.19)","$1,115.96"
"03/19/2024","Visa Check  GOOGLE *YouTube Music g.co/helppay# CA 03/19/24 Card 3805","","","($11.87)","$1,104.09"
"03/19/2024","Visa Check  PHILLIPS 66 - T SQUARE PARKER CO 03/19/24 Card 3805","","","($9.57)","$1,094.52"
"03/19/2024","Visa Check  7-ELEVEN 42018 AURORA CO 03/18/24 Card 3805","","","($6.42)","$1,088.10"
"03/20/2024","Visa Check  DD *DOORDASH COLONNASP WWW.DOORDASH. CA 03/20/24 Card 3805","","","($25.33)","$1,062.77"
"03/20/2024","Visa Check  PHILLIPS 66 - T SQUARE PARKER CO 03/20/24 Card 3805","","","($16.77)","$1,046.00"
"03/21/2024","FACTOR75 188-857-3572 IL Card 3805","","","($15.44)","$1,030.56"
"03/21/2024","FACTOR75 188-857-3572 IL Card 3805","","","($36.02)","$994.54"
"03/21/2024","Visa Check  PHILLIPS 66 - T SQUARE PARKER CO 03/21/24 Card 3805","","","($13.69)","$980.85"
"03/22/2024","Visa Check  CIRCLE K # 41166 AURORA CO 03/21/24 Card 3805","","","($30.12)","$950.73"
"03/22/2024","Visa Check  SONIC DRIVE IN #4428 PARKER CO 03/21/24 Card 3805","","","($22.33)","$928.40"
"03/22/2024","DISHA CORP  : DIRECT DEP   : 9111111101","","","$619.58","$1,547.98"
"03/23/2024","Visa Check  MCDONALD'S F13847 AURORA CO 03/22/24 Card 3805","","","($17.88)","$1,530.10"
"03/23/2024","Visa Check  E 470 EXPRESS TOLLS 303-5373470 CO 03/22/24 Card 3805","","","($28.60)","$1,501.50"
"03/23/2024","Visa Check  CHATGPT SUBSCRIPTION HTTPSOPENAI.C CA 03/23/24 Card 3805","","","($20.00)","$1,481.50"
"03/24/2024","Visa Check  AMZN Mktp US*RH6HR2ER1 Amzn.com/bill WA 03/24/24 Card 3805","","","($12.16)","$1,469.34"
"03/24/2024","Visa Check  7-ELEVEN 41543 PARKER CO 03/23/24 Card 3805","","","($14.27)","$1,455.07"
"03/24/2024","Visa Check  HITS VAPE PARKER CO 03/23/24 Card 3805","","","($26.99)","$1,428.08"
"03/25/2024","#000000KGIKKW  AMAZON.COM SEATTLE WA Card 3805","","","($86.51)","$1,341.57"
"03/25/2024","Visa Check  DD DOORDASH COLONNASP 855-973-1040 CA 03/25/24 Card 3805","","","($27.96)","$1,313.61"
"03/25/2024","Visa Check  PHILLIPS 66 - T SQUARE PARKER CO 03/25/24 Card 3805","","","($12.43)","$1,301.18"
"03/25/2024","Visa Check  SOLSTICE WWW.SOLSTICEB FL 03/25/24 Card 3805","","","($16.28)","$1,284.90"
"03/26/2024","T SQUARE PARKER CO Card 3805","","","($6.00)","$1,278.90"
"03/27/2024","AMAZON CORP  : SYF PAYMNT   : 9069872103","","","($258.72)","$1,020.18"
"03/27/2024","Visa Check  PHILLIPS 66 - T SQUARE PARKER CO 03/27/24 Card 3805","","","($20.07)","$1,000.11"
"03/27/2024","Visa Check  AMAZON PRIME*RH99N7WP1 888-802-3080 WA 03/27/24 Card 3805","","","($1.07)","$999.04"
"03/28/2024","Visa Check  DD DOORDASH CHIPOTLEM 855-973-1040 CA 03/28/24 Card 3805","","","($17.51)","$981.53"
"03/28/2024","Visa Check  PHILLIPS 66 - T SQUARE PARKER CO 03/28/24 Card 3805","","","($3.63)","$977.90"
"03/28/2024","Visa Check  PHILLIPS 66 - T SQUARE PARKER CO 03/28/24 Card 3805","","","($46.37)","$931.53"
"03/29/2024","Visa Check  QT 4206 INSIDE PARKER CO 03/28/24 Card 3805","","","($19.42)","$912.11"
"03/29/2024","Amazon Prime*BP9CV40Z3 Amzn.com/bill WA Card 3805","","","($16.19)","$895.92"
"03/31/2024","Visa Check  MCDONALD'S F7462 PARKER CO 03/30/24 Card 3805","","","($8.74)","$887.18"
"03/31/2024","Deposit Dividend Tiered Rate APY Earned  0.05% 03/01/24 to 03/31/24","","","$0.05","$887.23"
"04/01/2024","Visa Check  PHILLIPS 66 - T SQUARE PARKER CO 04/01/24 Card 3805","","","($2.80)","$884.43"
"04/01/2024","Visa Check  PHILLIPS 66 - T SQUARE PARKER CO 04/01/24 Card 3805","","","($2.90)","$881.53"
"04/01/2024","Visa Check  PHILLIPS 66 - T SQUARE PARKER CO 04/01/24 Card 3805","","","($15.09)","$866.44"
"04/01/2024","Visa Check  ZEL*LAURA HOUCK Visa Direct AZ 04/02/24 Card 3805","","","($73.00)","$793.44"
"04/02/2024","Visa Check  PHILLIPS 66 - T SQUARE PARKER CO 04/02/24 Card 3805","","","($5.95)","$787.49"
"04/02/2024","Visa Check  AMZN Mktp US*HV1T00OU3 Amzn.com/bill WA 04/02/24 Card 3805","","","($19.71)","$767.78"
"04/03/2024","Visa Check  DD DOORDASH QDOBAMEXI 855-973-1040 CA 04/03/24 Card 3805","","","($23.56)","$744.22"
"04/03/2024","Visa Check  PHILLIPS 66 - T SQUARE PARKER CO 04/03/24 Card 3805","","","($6.48)","$737.74"
"04/04/2024","FACTOR 888-573-5727 NY Card 3805","","","($94.69)","$643.05"
"04/05/2024","Visa Check  PHILLIPS 66 - FLAT ACRE PARKER CO 04/04/24 Card 3805","","","($5.41)","$637.64"
"04/05/2024","DISHA CORP  : DIRECT DEP   : 9111111101","","","$473.28","$1,110.92"
"04/05/2024","Visa Check  SOLSTICE WWW.SOLSTICEB FL 04/05/24 Card 3805","","","($8.14)","$1,102.78"
"04/05/2024","Visa Check  MURPHY EXPRESS 8973 AURORA CO 04/04/24 Card 3805","","","($11.29)","$1,091.49"
"04/05/2024","Visa Check  MURPHY EXPRESS 8973 AURORA CO 04/04/24 Card 3805","","","($11.66)","$1,079.83"
"04/05/2024","Visa Check  JIMMY JOHNS - 1815 - EC 303-840-1220 CO 04/04/24 Card 3805","","","($26.29)","$1,053.54"
"04/06/2024","Visa Check  CIRCLE K # 44137 PARKER CO 04/05/24 Card 3805","","","($33.29)","$1,020.25"
"04/06/2024","Visa Check  MAVERIK #525 AURORA CO 04/05/24 Card 3805","","","($15.09)","$1,005.16"
"04/06/2024","Visa Check  E 470 EXPRESS TOLLS 303-5373470 CO 04/05/24 Card 3805","","","($25.70)","$979.46"
"04/06/2024","Visa Check  7-ELEVEN 39421 PARKER CO 04/05/24 Card 3805","","","($38.55)","$940.91"
"04/06/2024","Visa Check  DD DOORDASH COLONNASP 855-973-1040 CA 04/06/24 Card 3805","","","($25.33)","$915.58"
"04/07/2024","Visa Check  PHILLIPS 66 - T SQUARE PARKER CO 04/06/24 Card 3805","","","($9.81)","$905.77"
"04/07/2024","Visa Check  DD DOORDASH ARBYS 855-973-1040 CA 04/07/24 Card 3805","","","($26.77)","$879.00"
"04/07/2024","Visa Check  ZEL*TERESA LIGGINS Visa Direct AZ 04/08/24 Card 3805","","","($40.00)","$839.00"
"04/07/2024","Visa Check  AMZN Mktp US*9P0VA4UX3 Amzn.com/bill WA 04/07/24 Card 3805","","","($35.59)","$803.41"
"04/08/2024","Visa Check  DD DOORDASH CAPRIOTTI 855-973-1040 CA 04/08/24 Card 3805","","","($24.46)","$778.95"
"04/08/2024","Visa Check  PHILLIPS 66 - T SQUARE PARKER CO 04/08/24 Card 3805","","","($9.57)","$769.38"
"04/09/2024","Visa Check  CIGNA 877 484 5967 877-484-5967 FL 04/08/24 Card 3805","","","($19.37)","$750.01"
"04/09/2024","Visa Check  DD DOORDASH ANTHONYSP 855-973-1040 CA 04/09/24 Card 3805","","","($20.34)","$729.67"
"04/09/2024","Visa Check  PHILLIPS 66 - T SQUARE PARKER CO 04/09/24 Card 3805","","","($12.43)","$717.24"
"04/10/2024","Visa Check  WALGREENS #5261 PARKER CO 04/09/24 Card 3805","","","($5.00)","$712.24"
"04/10/2024","Visa Check  PHILLIPS 66 - T SQUARE PARKER CO 04/10/24 Card 3805","","","($6.96)","$705.28"
"04/11/2024","FACTOR75 188-857-3572 IL Card 3805","","","($94.69)","$610.59"
"04/11/2024","Visa Check  PHILLIPS 66 - T SQUARE PARKER CO 04/11/24 Card 3805","","","($8.61)","$601.98"
"04/11/2024","Visa Check  FUNIMATION PRODUCTIONS HTTPSWWW.FUNI TX 04/11/24 Card 3805","","","($10.86)","$591.12"
"04/12/2024","Visa Check  ZEL*JERAMIAH JAKUBOWSKI Visa Direct AZ 04/12/24 Card 3805","","","($20.00)","$571.12"
"04/12/2024","WM SUPERCENTER #2892 Wal-Mart Super Center PARKER CO Card 3805","","","($25.19)","$545.93"
"04/12/2024","Visa Check  QT 4206 INSIDE PARKER CO 04/11/24 Card 3805","","","($14.58)","$531.35"
"04/13/2024","Visa Check  MCDONALD'S F13847 AURORA CO 04/12/24 Card 3805","","","($19.94)","$511.41"
"04/13/2024","TARGET T-2219 11150 S Twenty Mile Rd Parker CO Card 3805","","","($5.38)","$506.03"
"04/13/2024","Visa Check  Waffle House PARKER CO 04/13/24 Card 3805","","","($28.80)","$477.23"
"04/13/2024","Visa Check  Slick City - Denver Lakewood CO 04/14/24 Card 3805","","","($25.76)","$451.47"
"04/14/2024","Visa Check  Amazon.com*PU9RV1IC3 Amzn.com/bill WA 04/14/24 Card 3805","","","($27.56)","$423.91"
"04/14/2024","Visa Check  PIGTAILS PARKER PARKER CO 04/13/24 Card 3805","","","($26.45)","$397.46"
"04/14/2024","Visa Check  OLIVE GARDEN ZK 0024465 LAKEWOOD CO 04/13/24 Card 3805","","","($37.77)","$359.69"
"04/15/2024","Visa Check  MCDONALD'S F7462 PARKER CO 04/14/24 Card 3805","","","($20.48)","$339.21"
"04/15/2024","TARGET T-2219 11150 S Twenty Mile Rd Parker CO Card 3805","","","($2.69)","$336.52"
"04/15/2024","Visa Check  PHILLIPS 66 - T SQUARE PARKER CO 04/15/24 Card 3805","","","($3.23)","$333.29"
"04/15/2024","Visa Check  PHILLIPS 66 - T SQUARE PARKER CO 04/15/24 Card 3805","","","($16.83)","$316.46"
"04/16/2024","Visa Check  PUBLIC WORKS-PRKG METR DENVER CO 04/15/24 Card 3805","","","($1.50)","$314.96"
"04/16/2024","Visa Check  PUBLIC WORKS-PRKG METR DENVER CO 04/15/24 Card 3805","","","($1.00)","$313.96"
"04/16/2024","Visa Check  PHILLIPS 66 - T SQUARE PARKER CO 04/16/24 Card 3805","","","($10.36)","$303.60"
"04/16/2024","Visa Check  GITHUB, INC. HTTPSGITHUB.C CA 04/16/24 Card 3805","","","($10.00)","$293.60"
"04/17/2024","Visa Check  DD DOORDASH COLONNASP 855-973-1040 CA 04/17/24 Card 3805","","","($25.33)","$268.27"
"04/17/2024","Visa Check  PHILLIPS 66 - T SQUARE PARKER CO 04/17/24 Card 3805","","","($13.47)","$254.80"
"04/17/2024","Visa Check  DISTRICT COURT OF DENVE DENVER CO 04/17/24 Card 3805","","","($40.00)","$214.80"
"04/17/2024","Visa Check  PHILLIPS 66 - T SQUARE PARKER CO 04/17/24 Card 3805","","","($26.48)","$188.32"
"04/19/2024","DISHA CORP  : DIRECT DEP   : 9111111101","","","$725.85","$914.17"
"04/19/2024","Visa Check  GOOGLE *YouTube Music g.co/helppay# CA 04/19/24 Card 3805","","","($11.87)","$902.30"
"04/19/2024","Visa Check  TACO BELL PH 15856 AURORA CO 04/18/24 Card 3805","","","($13.41)","$888.89"
"04/20/2024","Visa Check  #5716 EVERYDAY STORE PARKER CO 04/18/24 Card 3805","","","($21.44)","$867.45"
"04/20/2024","Visa Check  MCDONALD'S F13847 AURORA CO 04/19/24 Card 3805","","","($21.11)","$846.34"
"04/20/2024","Visa Check  DD DOORDASH COLONNASP 855-973-1040 CA 04/20/24 Card 3805","","","($38.85)","$807.49"
"04/20/2024","Visa Check  PHILLIPS 66 - T SQUARE PARKER CO 04/20/24 Card 3805","","","($17.39)","$790.10"
"04/20/2024","Visa Check  E 470 EXPRESS TOLLS 303-5373470 CO 04/20/24 Card 3805","","","($27.05)","$763.05"
"04/21/2024","Visa Check  DD DOORDASH ARBYS 855-973-1040 CA 04/21/24 Card 3805","","","($23.76)","$739.29"
"04/21/2024","Withdrawal ENT CREDIT UNION 8671 PARK MEADOWS CTR D LONE TREE CO Card 3805","","","($40.00)","$699.29"
"04/21/2024","Visa Check  PHILLIPS 66 - T SQUARE PARKER CO 04/21/24 Card 3805","","","($5.26)","$694.03"
"04/22/2024","Visa Check  DD DOORDASH QDOBAMEXI 855-973-1040 CA 04/22/24 Card 3805","","","($23.74)","$670.29"
"04/22/2024","Visa Check  PHILLIPS 66 - T SQUARE PARKER CO 04/22/24 Card 3805","","","($16.29)","$654.00"
"04/22/2024","Visa Check  AMAZON PRIME*L859317A3 888-802-3080 WA 04/22/24 Card 3805","","","($7.55)","$646.45"
"04/23/2024","Visa Check  PHILLIPS 66 - T SQUARE PARKER CO 04/23/24 Card 3805","","","($3.88)","$642.57"
"04/23/2024","Visa Check  PHILLIPS 66 - T SQUARE PARKER CO 04/23/24 Card 3805","","","($8.72)","$633.85"
"04/23/2024","Visa Check  DD DOORDASH QDOBAMEXI 855-973-1040 CA 04/23/24 Card 3805","","","($27.80)","$606.05"
"04/23/2024","Visa Check  CHATGPT SUBSCRIPTION HTTPSOPENAI.C CA 04/23/24 Card 3805","","","($20.00)","$586.05"
"04/24/2024","Visa Check  DD DOORDASH MCDONALDS 855-973-1040 CA 04/24/24 Card 3805","","","($26.16)","$559.89"
"04/25/2024","Visa Check  MCDONALD'S F7462 PARKER CO 04/24/24 Card 3805","","","($9.27)","$550.62"
"04/25/2024","Visa Check  PHILLIPS 66 - T SQUARE PARKER CO 04/25/24 Card 3805","","","($5.95)","$544.67"
"04/26/2024","Visa Check  TACO BELL PH 15856 AURORA CO 04/25/24 Card 3805","","","($13.72)","$530.95"
"04/26/2024","Visa Check  PHILLIPS 66 - FLAT ACRE PARKER CO 04/26/24 Card 3805","","","($10.95)","$520.00"
"04/26/2024","Visa Check  NATIONAL MENTAL HEALTH 303-2254322 CO 04/26/24 Card 3805","","","($5.55)","$514.45"
"04/27/2024","Visa Check  GOOD TIMES DR THRU 148 olo.com CO 04/26/24 Card 3805","","","($12.50)","$501.95"
"04/27/2024","Visa Check  AMZN Mktp US*3U90S6RQ3 Amzn.com/bill WA 04/27/24 Card 3805","","","($51.68)","$450.27"
"04/28/2024","Visa Check  CHILI'S 0869 ECOMM https://prod. CO 04/27/24 Card 3805","","","($34.17)","$416.10"
"04/29/2024","Visa Check  DEL TACO #1086 PARKER CO 04/29/24 Card 3805","","","($16.07)","$400.03"
"04/29/2024","Visa Check  BUFFALO GO ECOM 0865 720-823-9676 CO 04/28/24 Card 3805","","","($38.84)","$361.19"
"04/29/2024","Visa Check  PHILLIPS 66 - T SQUARE PARKER CO 04/29/24 Card 3805","","","($5.05)","$356.14"
"04/29/2024","Visa Check  Subway 53991 172-08519829 CO 04/29/24 Card 3805","","","($11.11)","$345.03"
"04/29/2024","Amazon Prime*JP3NH60J3 Amzn.com/bill WA Card 3805","","","($16.19)","$328.84"
"04/30/2024","Visa Check  PHILLIPS 66 - T SQUARE PARKER CO 04/30/24 Card 3805","","","($12.43)","$316.41"
"04/30/2024","Visa Check  DD DOORDASH SUBWAY 855-973-1040 CA 04/30/24 Card 3805","","","($20.29)","$296.12"
"04/30/2024","Deposit Dividend Tiered Rate APY Earned  0.04% 04/01/24 to 04/30/24","","","$0.02","$296.14"
"05/01/2024","CIGNA 877 484 5967 877-484-5967 FL Card 3805","","","($19.37)","$276.77"
"05/01/2024","Visa Check  CHIPOTLE 0059 PARKER CO 04/30/24 Card 3805","","","($15.71)","$261.06"
"05/01/2024","Visa Check  PHILLIPS 66 - T SQUARE PARKER CO 05/01/24 Card 3805","","","($5.95)","$255.11"
"05/01/2024","Visa Check  Waffle House PARKER CO 05/01/24 Card 3805","","","($25.57)","$229.54"
"05/01/2024","Visa Check  ORDER.NOODLES.COM HTTPSORDER.NO CO 05/01/24 Card 3805","","","($11.83)","$217.71"
"05/02/2024","Visa Check  ZEL*LAURA HOUCK Visa Direct AZ 05/02/24 Card 3805","","","($73.00)","$144.71"
"05/02/2024","Withdrawal NSF Fee  In the amount $156.21 AMAZON CORP","","","($30.00)","$114.71"
"05/02/2024","FACTOR75 188-857-3572 IL Card 3805","","","($94.69)","$20.02"
"05/03/2024","Visa Check  7-ELEVEN 32923 PARKER CO 05/01/24 Card 3805","","","($12.41)","$7.61"
"05/03/2024","Visa Check  STOLL FAMILY DENTAL PARKER CO 05/01/24 Card 3805","","","($40.00)","($32.39)"
"05/03/2024","DISHA CORP  : DIRECT DEP   : 9111111101","","","$778.72","$746.33"
"05/04/2024","Visa Check  MCDONALD'S F13847 AURORA CO 05/03/24 Card 3805","","","($20.37)","$725.96"
"05/04/2024","Visa Check  TACO BELL 002643 PARKER CO 05/03/24 Card 3805","","","($11.19)","$714.77"
"05/04/2024","Visa Check  DD DOORDASH ARBYS 855-973-1040 CA 05/04/24 Card 3805","","","($23.45)","$691.32"
"05/04/2024","Visa Check  PHILLIPS 66 - T SQUARE PARKER CO 05/04/24 Card 3805","","","($14.87)","$676.45"
"05/05/2024","T SQUARE PARKER CO Card 3805","","","($4.41)","$672.04"
"05/05/2024","Visa Check  707-652-3328ADAPTDMIND ADAPTEDMIND.C CA 05/05/24 Card 3805","","","($9.95)","$662.09"
"05/05/2024","Visa Check  PHILLIPS 66 - T SQUARE PARKER CO 05/05/24 Card 3805","","","($5.67)","$656.42"
"05/05/2024","Visa Check  AMZN Mktp US*115CT2FH3 Amzn.com/bill WA 05/05/24 Card 3805","","","($17.55)","$638.87"
"05/05/2024","Withdrawal PAI ISO 17050 E MAINSTREET PARKER CO Card 3805","","","($43.85)","$595.02"
"05/06/2024","Visa Check  PHILLIPS 66 - T SQUARE PARKER CO 05/06/24 Card 3805","","","($8.06)","$586.96"
"05/06/2024","Visa Check  Subway 16272 Parker CO 05/06/24 Card 3805","","","($15.52)","$571.44"
"05/07/2024","AMAZON CORP  : RETRY PYMT   : 9069872103","","","($156.21)","$415.23"
"05/07/2024","Visa Check  PHILLIPS 66 - T SQUARE PARKER CO 05/07/24 Card 3805","","","($17.97)","$397.26"
"05/08/2024","Visa Check  PHILLIPS 66 - T SQUARE PARKER CO 05/08/24 Card 3805","","","($4.31)","$392.95"
"05/09/2024","Visa Check  SONIC DRIVE IN #4428 PARKER CO 05/08/24 Card 3805","","","($13.27)","$379.68"
"05/09/2024","CHASE CREDIT CRD  : EPAY   : 5760039224 NAME: MICHAEL J LIGGINS","","","($50.18)","$329.50"
"05/09/2024","Visa Check  GOOGLE *NBA 2K Mobile g.co/helppay# CA 05/09/24 Card 3805","","","($4.99)","$324.51"
"05/09/2024","Visa Check  PHILLIPS 66 - T SQUARE PARKER CO 05/09/24 Card 3805","","","($12.83)","$311.68"
"05/10/2024","T SQUARE 17050 E MAIN STREE US PARKER CO 5541 Card 3805","","","($20.00)","$291.68"
"05/10/2024","Visa Check  WINGSTOP 1736 PARKER CO 05/09/24 Card 3805","","","($18.89)","$272.79"
"05/10/2024","Visa Check  Sky Zone Denver Aurora Aurora CO 05/11/24 Card 3805","","","($42.52)","$230.27"
"05/11/2024","Visa Check  KING SOOPERS #0075 PARKER CO 05/10/24 Card 3805","","","($6.08)","$224.19"
"05/11/2024","Visa Check  MCDONALD'S F7462 PARKER CO 05/10/24 Card 3805","","","($18.22)","$205.97"
"05/11/2024","Visa Check  SHELL OIL 57446054504 AURORA CO 05/10/24 Card 3805","","","($7.00)","$198.97"
"05/11/2024","Visa Check  IN-N-OUT AURORA AURORA CO 05/10/24 Card 3805","","","($11.07)","$187.90"
"05/11/2024","Visa Check  E 470 EXPRESS TOLLS 303-5373470 CO 05/11/24 Card 3805","","","($31.90)","$156.00"
"05/12/2024","Visa Check  MCDONALD'S F7462 PARKER CO 05/11/24 Card 3805","","","($14.76)","$141.24"
"05/12/2024","Visa Check  CIRCLE K # 41126 PARKER CO 05/11/24 Card 3805","","","($9.06)","$132.18"
"05/12/2024","Visa Check  HOBBY-LOBBY #0092 PARKER CO 05/11/24 Card 3805","","","($12.95)","$119.23"
"05/12/2024","T SQUARE PARKER CO Card 3805","","","($5.95)","$113.28"
"05/13/2024","Visa Check  LAMARS 43 LLC ENGLEWOOD CO 05/12/24 Card 3805","","","($10.15)","$103.13"
"05/13/2024","Visa Check  PHILLIPS 66 - T SQUARE PARKER CO 05/13/24 Card 3805","","","($20.00)","$83.13"
"05/14/2024","Visa Check  PHILLIPS 66 - T SQUARE PARKER CO 05/14/24 Card 3805","","","($14.33)","$68.80"
"05/14/2024","Visa Check  PHILLIPS 66 - T SQUARE PARKER CO 05/14/24 Card 3805","","","($5.27)","$63.53"
"05/15/2024","Visa Check  WALGREENS #5261 PARKER CO 05/14/24 Card 3805","","","($5.00)","$58.53"
"05/16/2024","Visa Check  PHILLIPS 66 - T SQUARE PARKER CO 05/15/24 Card 3805","","","($5.00)","$53.53"
"05/16/2024","Visa Check  PHILLIPS 66 - T SQUARE PARKER CO 05/15/24 Card 3805","","","($6.48)","$47.05"
"05/16/2024","Visa Check  PHILLIPS 66 - T SQUARE PARKER CO 05/15/24 Card 3805","","","($9.58)","$37.47"
"05/16/2024","Visa Check  GITHUB, INC. HTTPSGITHUB.C CA 05/16/24 Card 3805","","","($10.00)","$27.47"
"05/17/2024","DISHA CORP  : DIRECT DEP   : 9111111101","","","$705.76","$733.23"
"05/18/2024","Visa Check  PHILLIPS 66 - T SQUARE PARKER CO 05/18/24 Card 3805","","","($20.00)","$713.23"
"05/18/2024","Visa Check  PHILLIPS 66 - T SQUARE PARKER CO 05/18/24 Card 3805","","","($13.21)","$700.02"
"05/18/2024","Visa Check  DD DOORDASH COLONNASP 855-973-1040 CA 05/18/24 Card 3805","","","($37.85)","$662.17"
"05/19/2024","Visa Check  PHILLIPS 66 - T SQUARE PARKER CO 05/19/24 Card 3805","","","($5.95)","$656.22"
"05/19/2024","Visa Check  GOOGLE *YouTube Music g.co/helppay# CA 05/19/24 Card 3805","","","($11.87)","$644.35"
"05/20/2024","Visa Check  DD DOORDASH QDOBAMEXI 855-973-1040 CA 05/20/24 Card 3805","","","($24.20)","$620.15"
"05/20/2024","Visa Check  PHILLIPS 66 - T SQUARE PARKER CO 05/20/24 Card 3805","","","($12.38)","$607.77"
"05/21/2024","Visa Check  PHILLIPS 66 - T SQUARE PARKER CO 05/21/24 Card 3805","","","($3.50)","$604.27"
"05/22/2024","Visa Check  DD DOORDASH FIREHOUSE 855-973-1040 CA 05/22/24 Card 3805","","","($22.88)","$581.39"
"05/22/2024","Visa Check  PHILLIPS 66 - T SQUARE PARKER CO 05/22/24 Card 3805","","","($3.12)","$578.27"
"05/22/2024","Visa Check  PHILLIPS 66 - T SQUARE PARKER CO 05/22/24 Card 3805","","","($9.81)","$568.46"
"05/22/2024","QT 4206 INSIDE PARKER CO Card 3805","","","($30.39)","$538.07"
"05/23/2024","Visa Check  PHILLIPS 66 - T SQUARE PARKER CO 05/23/24 Card 3805","","","($5.39)","$532.68"
"05/23/2024","Visa Check  OPENAI *CHATGPT SUBSCR HTTPSOPENAI.C CA 05/23/24 Card 3805","","","($20.00)","$512.68"
"05/23/2024","Visa Check  7-ELEVEN 42018 AURORA CO 05/23/24 Card 3805","","","($35.38)","$477.30"
"05/24/2024","Visa Check  CIRCLE K # 41166 AURORA CO 05/23/24 Card 3805","","","($20.97)","$456.33"
"05/24/2024","Visa Check  E 470 EXPRESS TOLLS 303-5373470 CO 05/24/24 Card 3805","","","($36.05)","$420.28"
"05/25/2024","Visa Check  SQ *MONKEY PAW TOYS Aurora CO 05/24/24 Card 3805","","","($28.20)","$392.08"
"05/26/2024","Withdrawal Wells Fargo Bank 7700 E Belleview Ave Greenwood Vil CO Card 3805","","","($43.00)","$349.08"
"05/26/2024","Visa Check  KINDLE SVCS*1Y9404WK3 SEATTLE WA 05/26/24 Card 3805","","","($8.63)","$340.45"
"05/26/2024","Visa Check  WINGSTOP 1736 PARKER CO 05/25/24 Card 3805","","","($31.38)","$309.07"
"05/27/2024","Visa Check  PHILLIPS 66 - T SQUARE PARKER CO 05/27/24 Card 3805","","","($12.43)","$296.64"
"05/27/2024","Visa Check  DD DOORDASH MCDONALDS 855-973-1040 CA 05/27/24 Card 3805","","","($15.68)","$280.96"
"05/27/2024","Visa Check  DD DOORDASH WINGSTOP 855-973-1040 CA 05/27/24 Card 3805","","","($21.89)","$259.07"
"05/28/2024","Visa Check  DD DOORDASH FUZZYSTAC 855-973-1040 CA 05/28/24 Card 3805","","","($22.49)","$236.58"
"05/29/2024","Visa Check  PHILLIPS 66 - T SQUARE PARKER CO 05/29/24 Card 3805","","","($15.84)","$220.74"
"05/29/2024","Visa Check  DD DOORDASH COLONNASP 855-973-1040 CA 05/29/24 Card 3805","","","($25.31)","$195.43"
"05/29/2024","Amazon Prime*N37224DN3 Amzn.com/bill WA Card 3805","","","($16.19)","$179.24"
"05/31/2024","DISHA CORP  : DIRECT DEP   : 9111111101","","","$725.72","$904.96"
"05/31/2024","Visa Check  GRUBHUBTACOBELL GRUBHUB.COM NY 05/31/24 Card 3805","","","($31.51)","$873.45"
"05/31/2024","Deposit Dividend Tiered Rate APY Earned  0.06% 05/01/24 to 05/31/24","","","$0.02","$873.47"
"06/01/2024","Visa Check  QT 4206 INSIDE PARKER CO 05/31/24 Card 3805","","","($14.16)","$859.31"
"06/01/2024","Visa Check  #5716 EVERYDAY STORE PARKER CO 05/30/24 Card 3805","","","($24.31)","$835.00"
"06/01/2024","Visa Check  RITA'S #1381 PARKER CO 05/30/24 Card 3805","","","($14.88)","$820.12"
"06/01/2024","CIGNA 877 484 5967 877-484-5967 FL Card 3805","","","($19.37)","$800.75"
"06/01/2024","Visa Check  SOLSTICE WWW.SOLSTICEB FL 06/01/24 Card 3805","","","($8.14)","$792.61"
"06/01/2024","Visa Check  ZEL*LAURA HOUCK Visa Direct AZ 06/02/24 Card 3805","","","($73.00)","$719.61"
"06/01/2024","Visa Check  7-ELEVEN 32923 PARKER CO 05/31/24 Card 3805","","","($10.07)","$709.54"
"06/01/2024","Visa Check  NATIONAL MENTAL HEALTH 303-2254322 CO 05/31/24 Card 3805","","","($10.20)","$699.34"
"06/03/2024","AMAZON CORP  : SYF PAYMNT   : 9069872103","","","($194.78)","$504.56"
"06/05/2024","Visa Check  GOOGLE *Zynga Inc g.co/helppay# CA 06/04/24 Card 3805","","","($9.99)","$494.57"
"06/05/2024","Visa Check  707-652-3328ADAPTDMIND ADAPTEDMIND.C CA 06/05/24 Card 3805","","","($9.95)","$484.62"
"06/07/2024","Withdrawal ENT CREDIT UNION 8671 PARK MEADOWS CTR D LONE TREE CO Card 3805","","","($40.00)","$444.62"
"06/08/2024","GOOGLE *ROBLOX 855-836-3987 CA Card 3805","","","($9.99)","$434.63"
"06/08/2024","Visa Check  PIGTAILS PARKER PARKER CO 06/07/24 Card 3805","","","($22.95)","$411.68"
"06/08/2024","Visa Check  PHILLIPS 66 - FLAT ACRE PARKER CO 06/08/24 Card 3805","","","($9.37)","$402.31"
"06/10/2024","Visa Check  PHILLIPS 66 - T SQUARE PARKER CO 06/10/24 Card 3805","","","($3.23)","$399.08"
"06/10/2024","Visa Check  PHILLIPS 66 - T SQUARE PARKER CO 06/10/24 Card 3805","","","($16.65)","$382.43"
"06/11/2024","Visa Check  PHILLIPS 66 - T SQUARE PARKER CO 06/11/24 Card 3805","","","($5.35)","$377.08"
"06/12/2024","Visa Check  PHILLIPS 66 - T SQUARE PARKER CO 06/12/24 Card 3805","","","($11.71)","$365.37"
"06/13/2024","Visa Check  GRUBHUBCHIPOTLE GRUBHUB.COM NY 06/13/24 Card 3805","","","($17.94)","$347.43"
"06/14/2024","Visa Check  #5716 EVERYDAY STORE PARKER CO 06/13/24 Card 3805","","","($40.00)","$307.43"
"06/14/2024","Visa Check  SONIC DRIVE IN #4428 PARKER CO 06/13/24 Card 3805","","","($13.04)","$294.39"
"06/14/2024","DISHA CORP  : DIRECT DEP   : 9111111101","","","$474.86","$769.25"
"06/14/2024","Visa Check  7-ELEVEN 34035 PARKER CO 06/13/24 Card 3805","","","($11.31)","$757.94"
"06/15/2024","Visa Check  MCDONALD'S F39752 PARKER CO 06/14/24 Card 3805","","","($14.79)","$743.15"
"06/15/2024","Visa Check  PHILLIPS 66 - T SQUARE PARKER CO 06/15/24 Card 3805","","","($11.11)","$732.04"
"06/16/2024","T SQUARE PARKER CO Card 3805","","","($2.80)","$729.24"
"06/16/2024","Visa Check  GITHUB, INC. HTTPSGITHUB.C CA 06/16/24 Card 3805","","","($10.00)","$719.24"
"06/16/2024","Visa Check  FANDANGO FANDANGO.COM CA 06/16/24 Card 3805","","","($19.96)","$699.28"
"06/18/2024","Visa Check  E 470 EXPRESS TOLLS 303-5373470 CO 06/17/24 Card 3805","","","($27.35)","$671.93"
"06/18/2024","Visa Check  PHILLIPS 66 - T SQUARE PARKER CO 06/18/24 Card 3805","","","($3.51)","$668.42"
"06/19/2024","Visa Check  GRUBHUBNOODLESCOMPANY GRUBHUB.COM NY 06/19/24 Card 3805","","","($18.61)","$649.81"
"06/19/2024","Visa Check  GOOGLE *YouTube Music g.co/helppay# CA 06/19/24 Card 3805","","","($11.87)","$637.94"
"06/19/2024","Visa Check  PHILLIPS 66 - T SQUARE PARKER CO 06/19/24 Card 3805","","","($3.50)","$634.44"
"06/20/2024","FACTOR 888-573-5727 NY Card 3805","","","($94.69)","$539.75"
"06/20/2024","Visa Check  Amazon.com*RG5XC4B50 Amzn.com/bill WA 06/20/24 Card 3805","","","($19.72)","$520.03"
"06/20/2024","FACTOR75 188-857-3572 IL Card 3805","","","($12.35)","$507.68"
"06/20/2024","Visa Check  PHILLIPS 66 - T SQUARE PARKER CO 06/20/24 Card 3805","","","($6.48)","$501.20"
"06/21/2024","Visa Check  GRUBHUBDELTACO GRUBHUB.COM NY 06/21/24 Card 3805","","","($19.11)","$482.09"
"06/22/2024","Visa Check  GRUBHUBMCDONALDS GRUBHUB.COM NY 06/22/24 Card 3805","","","($31.91)","$450.18"
"06/23/2024","Visa Check  CHIPOTLE 3592 PARKER CO 06/22/24 Card 3805","","","($10.21)","$439.97"
"06/23/2024","Visa Check  MOD PIZZA CROWN PT ECOM olo.com CO 06/22/24 Card 3805","","","($13.71)","$426.26"
"06/23/2024","Visa Check  7-ELEVEN 41543 PARKER CO 06/22/24 Card 3805","","","($7.43)","$418.83"
"06/23/2024","Visa Check  SWIRLS FROZEN YOGURT PARKER CO 06/23/24 Card 3805","","","($13.45)","$405.38"
"06/23/2024","Visa Check  OPENAI *CHATGPT SUBSCR HTTPSOPENAI.C CA 06/23/24 Card 3805","","","($20.00)","$385.38"
"06/23/2024","Visa Check  EPC*FORTNITE 919-854-0070 NC 06/23/24 Card 3805","","","($24.83)","$360.55"
"06/24/2024","Visa Check  TOWN OF PARKER PARKER CO 06/23/24 Card 3805","","","($15.00)","$345.55"
"06/24/2024","Visa Check  PHILLIPS 66 - T SQUARE PARKER CO 06/24/24 Card 3805","","","($6.03)","$339.52"
"06/25/2024","Visa Check  PHILLIPS 66 - T SQUARE PARKER CO 06/25/24 Card 3805","","","($17.57)","$321.95"
"06/25/2024","Visa Check  PHILLIPS 66 - T SQUARE PARKER CO 06/25/24 Card 3805","","","($4.63)","$317.32"
"06/25/2024","Withdrawal ENT CREDIT UNION 8671 PARK MEADOWS CTR D LONE TREE CO Card 3805","","","($40.00)","$277.32"
"06/28/2024","Visa Check  WALGREENS #5261 PARKER CO 06/27/24 Card 3805","","","($7.11)","$270.21"
"06/28/2024","DISHA CORP  : DIRECT DEP   : 9111111101","","","$657.22","$927.43"
"06/29/2024","Amazon Prime*RC4TY9H51 Amzn.com/bill WA Card 3805","","","($16.19)","$911.24"
"06/30/2024","Deposit Dividend Tiered Rate APY Earned  0.05% 06/01/24 to 06/30/24","","","$0.02","$911.26"
"07/01/2024","Visa Check  PHILLIPS 66 - T SQUARE PARKER CO 07/01/24 Card 3805","","","($9.19)","$902.07"
"07/01/2024","Visa Check  PHILLIPS 66 - T SQUARE PARKER CO 07/01/24 Card 3805","","","($2.80)","$899.27"
"07/02/2024","Visa Check  #5716 EVERYDAY STORE PARKER CO 07/01/24 Card 3805","","","($25.79)","$873.48"
"07/02/2024","CIGNA 877 484 5967 877-484-5967 FL Card 3805","","","($19.37)","$854.11"
"07/02/2024","Visa Check  SOLSTICE WWW.SOLSTICEB FL 07/02/24 Card 3805","","","($8.14)","$845.97"
"07/02/2024","AMAZON CORP  : SYF PAYMNT   : 9069872103","","","($140.96)","$705.01"
"07/02/2024","Visa Check  PHILLIPS 66 - T SQUARE PARKER CO 07/02/24 Card 3805","","","($12.08)","$692.93"
"07/05/2024","Visa Check  707-652-3328ADAPTDMIND ADAPTEDMIND.C CA 07/05/24 Card 3805","","","($9.95)","$682.98"
"07/06/2024","Visa Check  SHELL OIL 57446054504 AURORA CO 07/05/24 Card 3805","","","($6.22)","$676.76"
"07/06/2024","Withdrawal 7ELEVEN-FC 16550 KEYSTONE BLVD PARKER CO Card 3805","","","($60.00)","$616.76"
"07/07/2024","Visa Check  7-ELEVEN 41543 PARKER CO 07/06/24 Card 3805","","","($8.41)","$608.35"
"07/08/2024","Visa Check  PHILLIPS 66 - T SQUARE PARKER CO 07/08/24 Card 3805","","","($10.97)","$597.38"
"07/09/2024","Visa Check  PHILLIPS 66 - T SQUARE PARKER CO 07/09/24 Card 3805","","","($12.83)","$584.55"
"07/10/2024","Visa Check  GRUBHUBTERIYAKIMADNES GRUBHUB.COM NY 07/10/24 Card 3805","","","($23.38)","$561.17"
"07/10/2024","CHASE CREDIT CRD  : EPAY   : 5760039224 NAME: MICHAEL J LIGGINS","","","($500.00)","$61.17"
"07/10/2024","KING SOOPERS #0088 17031 LINCOLN AVE PARKER CO Card 3805","","","($10.01)","$51.16"
"07/10/2024","Visa Check  TWISTERS PAR 21 PARKER CO 07/10/24 Card 3805","","","($9.17)","$41.99"
"07/11/2024","Visa Check  WALGREENS #5261 PARKER CO 07/10/24 Card 3805","","","($5.00)","$36.99"
"07/12/2024","DISHA CORP  : DIRECT DEP   : 9111111101","","","$309.49","$346.48"
"07/12/2024","Visa Check  McDonalds 39752 112-3456789 CO 07/12/24 Card 3805","","","($17.95)","$328.53"
"07/12/2024","Visa Check  EPC*FORTNITE 919-854-0070 NC 07/12/24 Card 3805","","","($9.71)","$318.82"
"07/13/2024","Visa Check  STINKER #334 AURORA CO 07/12/24 Card 3805","","","($20.01)","$298.81"
"07/13/2024","Withdrawal 7ELEVEN-FC 16550 KEYSTONE BLVD PARKER CO Card 3805","","","($20.00)","$278.81"
"07/15/2024","Visa Check  PHILLIPS 66 - T SQUARE PARKER CO 07/15/24 Card 3805","","","($14.89)","$263.92"
"07/15/2024","Visa Check  AMAZON MKTPL*RS71P0OU1 Amzn.com/bill WA 07/15/24 Card 3805","","","($17.81)","$246.11"
"07/15/2024","Visa Check  GRUBHUBTERIYAKIMADNES GRUBHUB.COM NY 07/15/24 Card 3805","","","($24.56)","$221.55"
"07/16/2024","Visa Check  PHILLIPS 66 - T SQUARE PARKER CO 07/16/24 Card 3805","","","($11.30)","$210.25"
"07/16/2024","Visa Check  GITHUB, INC. HTTPSGITHUB.C CA 07/16/24 Card 3805","","","($10.00)","$200.25"
"07/16/2024","Visa Check  WALMART.COM 800-925-6278 AR 07/16/24 Card 3805","","","($48.74)","$151.51"
"07/16/2024","Visa Check  McDonalds 39752 112-3456789 CO 07/16/24 Card 3805","","","($11.11)","$140.40"
"07/18/2024","Visa Check  GRUBHUBCOLONNASPIZZA GRUBHUB.COM NY 07/18/24 Card 3805","","","($36.54)","$103.86"
"07/19/2024","Visa Check  GOOGLE *YouTube Music g.co/helppay# CA 07/19/24 Card 3805","","","($11.87)","$91.99"
"07/19/2024","Visa Check  QT 4206 INSIDE PARKER CO 07/18/24 Card 3805","","","($27.70)","$64.29"
